3088 4774
218 224 281 283 104
516 220 546 274 o.
573 220 623 275 on
640 187 827 276 nnusu'rns
845 216 1068 286 uoraosonu.

217 405 251 464 et
270 397 304 463 iu
323 395 417 463 (lirco
432 395 601 473 llaxim0¹l
623 398 857 477 percurruntur,
879 391 993 475 spatiis
1015 393 1240 469 (loco-5000
1255 393 1298 464 m)
1321 389 1370 454 ni·

217 499 317 565 mium
338 497 467 564 videtur
495 515 566 562 esso
589 495 675 575 (adn.
692 497 762 579 42),
791 502 900 560 tamen
927 513 990 558 uno
1018 499 1105 558 certe
1126 490 1258 557 Pindari
1280 491 1369 557 testi-

218 601 324 667 monio
347 603 481 682 constat,
504 597 553 663 01.
568 597 618 662 III
633 600 690 663 33:

302 731 385 799 τόθι
408 731 544 814 δένδρεα
566 728 737 814 θάμβαινε
760 732 914 805 σταθείς·

302 837 369 900 τῶν
396 858 446 900 τιν
473 829 590 918 γλυκὺς
617 830 732 917 ἵμερος
760 830 851 913 ἔσχεν
873 828 1282 915 ὃοωδεκάγναμτττον

767 933 866 1015 περὶ
888 936 1016 1015 τέρμα
1038 930 1163 1018 δρόμου

301 1021 420 1088 ἵππων
444 1022 617 1108 φυτεῦσαι.

302 1158 429 1224 Etenim
440 1157 468 1223 si
480 1157 552 1239 quis
563 1155 736 1222 contendat
747 1155 918 1237 singularis
929 1156 1035 1235 τέρμα
1049 1150 1103 1218 hio
1114 1172 1173 1235 pro
1184 1151 1302 1236 plurali
1313 1151 1371 1216 vel

218 1259 306 1326 duali
321 1259 448 1342 poetice
463 1256 584 1323 dictum
600 1275 681 1338 esso,
704 1257 732 1322 is
748 1257 864 1322 calculi
879 1276 985 1323 errore
1002 1255 1138 1338 ducitur,
1161 1255 1238 1337 qnia
1252 1254 1370 1319 ambae

218 1368 332 1442 motae,
355 1362 384 1428 si
397 1360 505 1426 sexies
521 1358 785 1442 circumcurritur,
803 1377 867 1424 non
883 1357 1066 1440 duodecies,
1089 1377 1201 1423 verum
1215 1355 1371 1422 undecies

218 1460 520 1545 circumflectuntur,
550 1451 689 1526 exterior
721 1461 844 1544 sexies,
874 1460 1017 1525 interior
1033 1460 1202 1542 quinquies
1235 1464 1370 1542 tantum,

218 1564 295 1646 quia
317 1562 398 1628 baec
420 1563 452 1628 in
476 1567 620 1628 extremo
642 1581 736 1627 cursu
758 1581 822 1627 non
847 1562 1118 1644 circumcurritnr,
1148 1561 1206 1627 sed
1227 1568 1371 1645 praeter·

217 1664 361 1729 curritur.
399 1663 484 1746 Ergo
500 1659 820 1745 ὃοωόεκάγναμτττον
835 1664 940 1745 τέρμα
955 1662 1037 1727 nihil
1058 1662 1148 1728 alind
1170 1668 1275 1745 potest
1297 1683 1371 1730 esse

218 1786 314 1849 quam
343 1767 482 1832 exterior
510 1772 597 1832 meta
631 1765 805 1831 duodecies
838 1761 1059 1847 circumflexa,
1089 1785 1185 1848 qnam
1212 1766 1370 1833 Hercules

217 1868 385 1935 arboribus
408 1867 606 1934 circumdare
629 1866 801 1948 desiderat,
825 1865 910 1931 unde
926 1864 1061 1931 efficitur
1077 1868 1268 1934 curriculum
1290 1888 1370 1952 quo·

217 1990 281 2054 que
310 1976 411 2036 totum
438 1968 613 2035 duodecies
640 1969 819 2034 conlectum
847 1986 928 2033 esse.
979 1965 1129 2034 Concedo
1158 1989 1370 2052 permagnum

218 2073 356 2155 spatium
383 2089 469 2137 esse:
501 2071 567 2136 noli
595 2090 673 2137 vero
702 2069 849 2136 oblivisci
883 2088 983 2152 equos
1016 2075 1138 2135 tanturn
1169 2072 1370 2153 praestitisse

218 2172 403 2259 Olympiae!
448 2172 539 2238 Idem
567 2179 723 2239 testantur
744 2171 801 2236 alii
823 2169 955 2236 Pindari
984 2171 1062 2253 loci,
1093 2175 1241 2255 quamvis
1264 2175 1369 2240 minus

217 2278 410 2356 luculenter,
440 2275 517 2356 quia
543 2294 656 2341 vocem
680 2270 803 2354 δρόμος
831 2293 895 2338 non
918 2272 959 2337 de
984 2273 1108 2356 integro
1131 2275 1281 2359 circuitu,
1311 2275 1371 2342 sed

218 2377 259 2443 de
282 2378 386 2460 spatio
408 2375 449 2440 ab
471 2395 536 2440 una
557 2375 599 2440 ad
622 2376 757 2440 alteram
779 2381 897 2440 metam
920 2375 1074 2455 confecto,
1097 2375 1133 2441 id
1148 2383 1196 2442 est
1211 2376 1252 2443 de
1275 2377 1370 2443 dimi·

217 2479 272 2544 dio
294 2478 436 2558 circuitu,
457 2476 652 2541 intellexerit
673 2477 833 2558 quispiam
844 2478 883 2549 2l:

305 2681 328 2740 l)
351 2674 428 2742 Quae
451 2673 598 2742 Dionysius
622 2674 651 2727 in
667 2673 779 2741 Antiqu.
797 2672 875 2728 Rom.
894 2672 911 2727 l.
930 2673 981 2729 111.
1006 2691 1030 2730 c.
1049 2679 1082 2730 68
1101 2677 1134 2731 ds
1152 2677 1232 2734 Circo
1249 2679 1370 2737 Maximo

217 2762 360 2844 memorat:
380 2761 499 2830 »Μῆκος
515 2757 568 2827 μὲν
579 2751 643 2830 ’γὰρ
661 2761 714 2814 τοῦ
730 2754 915 2826 ἱπποδρόμου
926 2763 1016 2830 τριῶν
1029 2764 1078 2816 καὶ
1088 2756 1209 2832 ἡμίσους
1226 2762 1285 2821 ἐστὶ
1302 2782 1371 2822 στα-

217 2848 299 2910 δίων,
318 2845 401 2918 εὖρος
419 2843 448 2900 δὲ
471 2838 618 2916 τεττάρων
636 2847 804 2914 πλεθρῶν“,
827 2859 881 2897 non
900 2844 933 2898 de
950 2845 1059 2913 spinae,
1083 2846 1131 2900 sed
1152 2847 1185 2901 de
1202 2849 1284 2903 totius
1302 2849 1371 2904 circi

216 2930 382 2999 longitndine
389 2928 569 2996 intellegenda
578 2934 651 2983 sunt.
669 2927 712 2982 Ab
722 2928 774 2984 hoo
784 2927 1031 2997 discrepatPlinius
1040 2931 1139 2988 inllat.
1146 2932 1209 2987 hist.
1217 2933 1370 2991 1.xxxv1.

217 3033 241 3070 c.
256 3021 303 3070 24:
317 3009 362 3070 ‘ut
374 3014 475 3068 circum
486 3028 642 3067 maxumm
653 3029 670 3067 a
682 3013 798 3068 Caesare
809 3014 942 3069 dictatore
955 3018 1123 3071 exstructum
1134 3017 1300 3085 longitudine
1312 3023 1371 3074 sta·

216 3102 323 3172 diorum
341 3101 430 3165 trium,
448 3099 592 3155 latitudine
603 3098 693 3164 unius,
712 3099 760 3153 sed
772 3115 833 3153 cum
845 3098 976 3154 aedificiis
992 3101 1114 3170 iugerum
1132 3108 1302 3170 quaternum,
1321 3106 1370 3160 aed

218 3186 313 3240 sedum
332 3185 399 3238 CCL
417 3184 487 3237 inter
504 3198 601 3252 magna
619 3197 702 3252 opera
719 3177 862 3238 dicamus'.

304 3289 329 3350 2)
348 3284 404 3339 Cir.
416 3285 570 3344 Dolaborde
582 3283 740 3339 Parimento
757 3301 784 3354 p.
798 3289 831 3340 68
843 3303 898 3355 sq.:
913 3282 1051 3357 ‘Despues
1069 3289 1103 3344 de
1120 3289 1205 3344 haber
1221 3290 1324 3358 pasado
1341 3291 1370 3346 la

215 3375 288 3426 meta
311 3369 425 3423 estaban
447 3368 586 3436 obligados
611 3369 628 3422 a
653 3371 777 3424 recorrer
795 3371 820 3425 el
842 3373 937 3427 mismo
956 3373 1065 3440 espacio
1084 3374 1157 3440 seis,
1170 3373 1284 3444 seces,
1306 3378 1370 3446 yla

216 3456 308 3526 palma
325 3454 352 3508 la
369 3452 496 3520 ganaban
514 3453 541 3507 al
557 3452 596 3506 fin
611 3455 644 3509 de
655 3455 683 3508 la
700 3459 800 3510 sexta
817 3455 943 3511 vuelta.
971 3456 1090 3512 Pindaro
1101 3473 1200 3527 parece
1212 3476 1265 3528 que
1277 3460 1370 3528 quiere

217 3540 267 3593 dar
284 3540 302 3593 a
319 3535 450 3592 entenddr
467 3553 519 3606 quc
536 3537 625 3592 daban
644 3537 711 3593 doce
727 3540 847 3608 vueltas;
871 3540 898 3594 lo
917 3540 981 3606 qual
998 3555 1033 3594 no
1051 3556 1079 3595 es
1098 3545 1247 3610 verosimil,
1265 3560 1370 3615 porque

217 3637 251 3677 en
269 3623 294 3677 el
312 3621 390 3676 circo
415 3622 504 3677 donde
519 3623 547 3676 la
566 3637 674 3678 canera
694 3639 731 3678 no
748 3639 870 3679 eremas
888 3638 940 3692 quc
958 3623 991 3678 dc
1017 3624 1085 3679 aiete
1102 3629 1219 3696 ruebas,
1243 3629 1369 3698 llegaban

217 3709 334 3762 treoes
358 3711 406 3760 tan
427 3706 562 3775 latigados
585 3723 637 3776 que
658 3708 685 3762 el
708 3710 836 3764 corredor
859 3708 992 3763 vencedor
1014 3724 1044 3763 se
1067 3715 1171 3780 paraba
1194 3729 1273 3769 oerca
1290 3715 1324 3768 de
1341 3717 1370 3770 la

215 3791 302 3858 linea,
324 3806 427 3860 porque
450 3807 485 3845 no
508 3791 592 3861 podia
608 3791 633 3844 ir
650 3807 708 3848 mas
725 3793 863 3859 adelante,
887 3794 905 3847 a
922 3793 948 3847 lo
972 3795 1035 3861 qual
1052 3795 1188 3853 llamaban
1202 3791 1310 3854 ‘hieran
1327 3799 1369 3854 fa-

217 3869 300 3931 cerc'.
335 3875 376 3931 Lo
394 3890 452 3930 mas
470 3876 601 3944 probable
619 3891 718 3945 esque
739 3877 851 3932 hubiesc
869 3877 918 3932 dos
942 3883 1026 3934 metas
1045 3895 1121 3935 corno
1140 3897 1174 3936 eu
1192 3883 1216 3936 el
1235 3883 1329 3948 Circo,
1351 3903 1369 3954 y

217 3975 269 4029 qne
285 3976 337 4029 por
354 3961 393 4014 las
413 3958 479 4014 doce
496 3962 607 4029 vueltas,
625 3964 879 4032 dodcxayvomrcov
891 3962 957 4027 [sic]‚
976 3963 1093 4020 Pindaro
1106 3967 1142 4021 ha
1157 3968 1269 4036 querido
1287 3970 1370 4039 signi·
