3096 4766
830 1125 867 1190 B.
956 1173 959 1178 .

516 1277 577 1360 llll
602 1275 898 1360 HIPPoolollo
924 1275 1176 1359 NONNIANO.

627 1429 748 1497 (Dionys.
766 1427 898 1482 XXXVII
917 1430 1070 1492 too—484.)

356 1604 515 1685 Nonnum,
531 1609 719 1685 perpetuum
731 1600 863 1666 Homeri
874 1607 1076 1683 sectatorem,
1092 1601 1189 1666 etiam
1203 1602 1239 1666 in
1252 1602 1434 1685 pingendis

271 1705 356 1770 ludis
371 1704 568 1788 funebribus,
583 1723 663 1786 qnos
679 1701 827 1768 Bacchus
842 1704 874 1767 in
889 1702 1044 1768 honorem
1059 1700 1219 1785 Opheltae
1235 1708 1278 1780 (v.
1295 1707 1354 1767 101
1366 1709 1432 1788 sq.)

272 1805 482 1872 celebrandos
497 1811 596 1888 curat,
613 1804 754 1886 exempli
766 1805 816 1870 sui
827 1805 1210 1888 vestigiastndiosissime
1221 1814 1425 1886 persecutum

272 1927 354 1990 esse,
377 1907 565 1990 quinetiam
581 1908 623 1972 ad
639 1908 773 1972 verbnm
787 1908 947 1989 permulta
960 1907 1161 1972 transtulisse
1176 1926 1239 1972 non
1255 1913 1314 1992 est,
1337 1909 1430 1990 quod

272 2010 406 2093 mireris,
430 2009 525 2075 modo
548 2009 659 2092 aliqua
680 2028 722 2074 ex
743 2015 834 2090 parte
857 2010 926 2074 eins
947 2008 1104 2073 rationem
1126 2007 1274 2074 carminis
1296 2029 1433 2092 compo-

271 2113 369 2177 nendi
392 2110 592 2195 cognoveris.
630 2107 724 2186 Quod
746 2112 780 2174 in
800 2111 925 2193 ceteris,
947 2109 1034 2175 idern
1057 2109 1135 2174 feeit
1155 2111 1189 2173 in
1211 2109 1432 2177 describendo

272 2214 446 2278 certamine
462 2213 611 2296 equestri.
649 2210 817 2292 Siquidem
832 2230 908 2275 vero
923 2211 1089 2292 utriusque
1104 2212 1337 2277 enarrationem
1352 2232 1430 2296 per-

271 2317 408 2398 legenti,
439 2334 521 2397 quae
544 2313 635 2395 paria
659 2318 691 2376 et
711 2312 830 2377 similia
852 2318 939 2389 sont,
968 2331 1008 2376 ea
1035 2312 1139 2394 primo
1162 2330 1290 2395 quoque
1313 2314 1430 2379 obtutu

272 2417 368 2481 facile
389 2420 555 2497 apparent,
578 2405 660 2477 hae'c
674 2413 818 2494 pluribus
833 2415 983 2496 persequi
1002 2415 1222 2496 praetermitto
1238 2414 1429 2480 discrimina

272 2518 378 2600 potius
400 2516 591 2599 prolaturus.

359 2618 592 2684 Gravissimum
609 2614 780 2681 discrimen
796 2623 853 2700 est,
876 2616 963 2700 quod
978 2637 1042 2683 non
1063 2637 1158 2681 unam
1174 2616 1286 2698 solam,
1310 2625 1345 2683 ut
1360 2617 1427 2682 Ηο-

273 2738 387 2802 merus,
411 2718 469 2785 sed
491 2718 572 2783 duas
587 2723 689 2782 metas
705 2737 746 2783 cx
761 2721 948 2800 posterioris
970 2720 1087 2785 aetatis
1109 2737 1167 2783 usu
1190 2720 1305 2800 posuit.
1340 2718 1426 2796 Quo·

273 2823 361 2887 niam
377 2821 462 2886 enim
478 2839 508 2884 ν.
528 2821 673 2882 105-12
689 2838 785 2884 unam
800 2827 919 2886 metam
938 2821 1118 2904 descripsit,
1139 2821 1275 2885 alteram
1298 2839 1428 2904 quoque

274 2924 315 2987 ab
339 2922 453 2987 eodem
477 2919 618 3004 Cyclope
641 2921 674 2984 in
697 2927 782 2986 terra
803 2920 902 2986 fixam
925 2942 996 2990 esse
1019 2923 1112 2989 dicit:

1109 3034 1182 3104 ἶσον
1205 3037 1318 3124 ἐκείνῳ

382 3132 564 3222 ἀντίπορον
587 3138 687 3203 λίθον
711 3131 811 3206 ἄλλον
834 3134 995 3223 ὃμόζογον
1018 3139 1052 3206 ἐν
1072 3143 1174 3222 χθονὶ
1196 3138 1315 3227 πήξας.

275 3259 415 3325 Proinde
430 3278 494 3323 non
510 3260 620 3341 semel,
643 3277 754 3323 verum
770 3260 984 3342 compluriens
1000 3261 1191 3325 curriculum
1206 3262 1339 3328 circuitu
1355 3280 1429 3343 per-

274 3362 441 3445 agitur-
465 3362 628 3442 quotiens,
656 3366 805 3426 accurate
833 3381 897 3425 non
927 3359 1047 3425 dietum
1076 3367 1188 3427 cst-
1210 3363 1244 3428 id
1274 3362 1361 3444 quod
1385 3381 1428 3427 cx

276 3464 393 3530 vocula
416 3453 469 3524 ἀεὶ
493 3462 525 3525 in
548 3482 579 3526 v.
595 3465 657 3525 205
681 3463 790 3545 colligi
812 3464 902 3529 licet:

501 3573 633 3662 ἡνίοχος
654 3579 839 3667 πολύμητις
861 3614 901 3624 -—
926 3577 1100 3644 ἰθύνει-

503 3677 595 3764 ἐγγὺς
617 3675 684 3746 ἀεὶ
706 3681 786 3766 περὶ
810 3677 932 3744 νύσσαν
956 3673 1044 3764 ἄγων
1067 3677 1200 3764 δρόμον.

276 3801 347 3865 Ηοα
370 3800 454 3865 enim
477 3800 666 3866 adverbium
682 3800 853 3866 Homerico
871 3799 954 3882 loco,
977 3801 1032 3881 qui
1056 3799 1130 3865 huic
1152 3800 1335 3885 respondet,
1359 3805 1427 3870 iure

276 3903 348 3968 dest
370 3902 411 3979 (ν.
429 3903 518 3979 334);

328 4019 378 4103 τῷ
400 4019 439 4083 σύ
463 4012 544 4101 μάλ)
571 4016 755 4104 ἐγχρίμψας
778 4014 878 4083 ἐλάαν
902 4015 1017 4100 σχεδὸν
1041 4017 1130 4102 ἅρμα
1151 4019 1208 4085 καί
1229 4018 1369 4097 ἵππους.
