<?xml version="1.0" encoding="UTF-8"?>
<!DOCTYPE html PUBLIC "-//W3C//DTD XHTML 1.0 Transitional//EN"
    "http://www.w3.org/TR/xhtml1/DTD/xhtml1-transitional.dtd">
<html xmlns="http://www.w3.org/1999/xhtml" xml:lang="en" lang="en">
 <head>
  <title>
</title>
<meta http-equiv="Content-Type" content="text/html;charset=utf-8" />
  <meta name='ocr-system' content='tesseract 3.04.00' />
  <meta name='ocr-capabilities' content='ocr_page ocr_carea ocr_par ocr_line ocrx_word'/>
</head>
<body>
  <div class='ocr_page' id='page_1' title='image "./hippodromica01pollgoog_0063.png"; bbox 0 0 3096 4766; ppageno 0'>
   <div class='ocr_carea' id='block_1_1' title="bbox 389 351 1279 414">
    <p class='ocr_par' dir='ltr' id='par_1_1' title="bbox 389 351 1279 414">
     <span class='ocr_line' id='line_1_1' title="bbox 389 351 1279 414; baseline 0.008 -7"><span class='ocrx_word' id='word_1_1' title='bbox 389 353 439 408; x_wconf 88' lang='lat'>111.</span> <span class='ocrx_word' id='word_1_2' title='bbox 466 351 775 409; x_wconf 70' lang='lat' dir='ltr'><strong>brt-HffPoDRomo</strong></span> <span class='ocrx_word' id='word_1_3' title='bbox 794 352 1013 409; x_wconf 81' lang='lat' dir='ltr'><strong>OLYMPIAGO.</strong></span> <span class='ocrx_word' id='word_1_4' title='bbox 1237 353 1279 414; x_wconf 80' lang='lat'><strong>53</strong></span> 
     </span>
    </p>
   </div>
   <div class='ocr_carea' id='block_1_2' title="bbox 95 524 1278 711">
    <p class='ocr_par' dir='ltr' id='par_1_2' title="bbox 95 524 1278 711">
     <span class='ocr_line' id='line_1_2' title="bbox 95 524 1278 609; baseline 0.002 -17"><span class='ocrx_word' id='word_1_5' title='bbox 95 528 154 593; x_wconf 89' lang='lat' dir='ltr'><strong>ria</strong></span> <span class='ocrx_word' id='word_1_6' title='bbox 179 527 347 593; x_wconf 86' lang='lat' dir='ltr'><strong>videntur</strong></span> <span class='ocrx_word' id='word_1_7' title='bbox 375 546 462 592; x_wconf 86' lang='lat' dir='ltr'><strong>esse:</strong></span> <span class='ocrx_word' id='word_1_8' title='bbox 495 525 577 591; x_wconf 91' lang='lat' dir='ltr'><strong>nibil</strong></span> <span class='ocrx_word' id='word_1_9' title='bbox 599 525 640 592; x_wconf 91' lang='lat' dir='ltr'><strong>de</strong></span> <span class='ocrx_word' id='word_1_10' title='bbox 669 526 788 608; x_wconf 91' lang='lat' dir='ltr'><strong>forma,</strong></span> <span class='ocrx_word' id='word_1_11' title='bbox 816 525 897 591; x_wconf 91' lang='lat' dir='ltr'><strong>nibil</strong></span> <span class='ocrx_word' id='word_1_12' title='bbox 925 527 966 593; x_wconf 97' lang='lat' dir='ltr'><strong>de</strong></span> <span class='ocrx_word' id='word_1_13' title='bbox 995 527 1103 609; x_wconf 88' lang='lat' dir='ltr'><strong>spina,</strong></span> <span class='ocrx_word' id='word_1_14' title='bbox 1132 524 1215 591; x_wconf 88' lang='lat' dir='ltr'><strong>nihil</strong></span> <span class='ocrx_word' id='word_1_15' title='bbox 1237 526 1278 594; x_wconf 93' lang='lat' dir='ltr'><strong>de</strong></span> 
     </span>
     <span class='ocr_line' id='line_1_3' title="bbox 98 626 1278 711; baseline -0.001 -17"><span class='ocrx_word' id='word_1_16' title='bbox 98 635 213 707; x_wconf 87' lang='lat' dir='ltr'><strong>creta,</strong></span> <span class='ocrx_word' id='word_1_17' title='bbox 239 626 330 694; x_wconf 91' lang='lat' dir='ltr'><strong>nibil</strong></span> <span class='ocrx_word' id='word_1_18' title='bbox 352 626 393 695; x_wconf 93' lang='lat' dir='ltr'><strong>de</strong></span> <span class='ocrx_word' id='word_1_19' title='bbox 416 628 494 695; x_wconf 90' lang='lat' dir='ltr'><strong>sede</strong></span> <span class='ocrx_word' id='word_1_20' title='bbox 515 629 739 711; x_wconf 84' lang='lat' dir='ltr'><strong>magistrorum</strong></span> <span class='ocrx_word' id='word_1_21' title='bbox 763 629 962 710; x_wconf 76' lang='lat' dir='ltr'><strong>certaminis,</strong></span> <span class='ocrx_word' id='word_1_22' title='bbox 986 627 1140 711; x_wconf 88' lang='lat' dir='ltr'><strong>denique,</strong></span> <span class='ocrx_word' id='word_1_23' title='bbox 1163 634 1198 693; x_wconf 90' lang='lat' dir='ltr'><strong>ut</strong></span> <span class='ocrx_word' id='word_1_24' title='bbox 1220 629 1278 693; x_wconf 92' lang='lat' dir='ltr'><strong>ali·</strong></span> 
     </span>
    </p>
   </div>
   <div class='ocr_carea' id='block_1_3' title="bbox 100 729 1281 2422">
    <p class='ocr_par' dir='ltr' id='par_1_3' title="bbox 100 729 1281 2422">
     <span class='ocr_line' id='line_1_4' title="bbox 100 729 1278 812; baseline 0.001 -17"><span class='ocrx_word' id='word_1_25' title='bbox 100 749 215 812; x_wconf 88' lang='lat' dir='ltr'><strong>quam</strong></span> <span class='ocrx_word' id='word_1_26' title='bbox 247 749 321 795; x_wconf 86' lang='lat' dir='ltr'><strong>rem</strong></span> <span class='ocrx_word' id='word_1_27' title='bbox 349 735 497 796; x_wconf 88' lang='lat' dir='ltr'><strong>accurate</strong></span> <span class='ocrx_word' id='word_1_28' title='bbox 526 729 703 812; x_wconf 79' lang='lat' dir='ltr'><strong>describat,</strong></span> <span class='ocrx_word' id='word_1_29' title='bbox 733 729 815 794; x_wconf 91' lang='lat' dir='ltr'><strong>nihil</strong></span> <span class='ocrx_word' id='word_1_30' title='bbox 843 730 911 796; x_wconf 92' lang='lat' dir='ltr'><strong>fere</strong></span> <span class='ocrx_word' id='word_1_31' title='bbox 939 730 981 795; x_wconf 90' lang='lat' dir='ltr'><strong>de</strong></span> <span class='ocrx_word' id='word_1_32' title='bbox 1003 729 1072 796; x_wconf 85' lang='lat' dir='ltr'><strong>eius</strong></span> <span class='ocrx_word' id='word_1_33' title='bbox 1094 729 1167 795; x_wconf 88' lang='lat' dir='ltr'><strong>fine.</strong></span> <span class='ocrx_word' id='word_1_34' title='bbox 1211 729 1278 796; x_wconf 88' lang='lat' dir='ltr'><strong>Sed</strong></span> 
     </span>
     <span class='ocr_line' id='line_1_5' title="bbox 100 829 1278 916; baseline 0.003 -21"><span class='ocrx_word' id='word_1_35' title='bbox 100 832 185 914; x_wconf 88' lang='lat' dir='ltr'><strong>quis</strong></span> <span class='ocrx_word' id='word_1_36' title='bbox 218 830 290 896; x_wconf 92' lang='lat' dir='ltr'><strong>boc</strong></span> <span class='ocrx_word' id='word_1_37' title='bbox 318 831 366 895; x_wconf 95' lang='lat' dir='ltr'><strong>illi</strong></span> <span class='ocrx_word' id='word_1_38' title='bbox 394 831 520 896; x_wconf 92' lang='lat' dir='ltr'><strong>crimini</strong></span> <span class='ocrx_word' id='word_1_39' title='bbox 548 829 619 916; x_wconf 90' lang='lat' dir='ltr'><strong>det,</strong></span> <span class='ocrx_word' id='word_1_40' title='bbox 650 831 790 913; x_wconf 90' lang='lat' dir='ltr'><strong>quinon</strong></span> <span class='ocrx_word' id='word_1_41' title='bbox 818 837 962 910; x_wconf 88' lang='lat' dir='ltr'><strong>nostrae,</strong></span> <span class='ocrx_word' id='word_1_42' title='bbox 991 830 1049 897; x_wconf 91' lang='lat' dir='ltr'><strong>sed</strong></span> <span class='ocrx_word' id='word_1_43' title='bbox 1072 851 1150 896; x_wconf 88' lang='lat' dir='ltr'><strong>suae</strong></span> <span class='ocrx_word' id='word_1_44' title='bbox 1178 833 1278 898; x_wconf 89' lang='lat' dir='ltr'><strong>aetati</strong></span> 
     </span>
     <span class='ocr_line' id='line_1_6' title="bbox 102 932 1278 1016; baseline 0.002 -18"><span class='ocrx_word' id='word_1_45' title='bbox 102 934 235 998; x_wconf 87' lang='lat' dir='ltr'><strong>talium</strong></span> <span class='ocrx_word' id='word_1_46' title='bbox 252 951 360 998; x_wconf 87' lang='lat' dir='ltr'><strong>rerum</strong></span> <span class='ocrx_word' id='word_1_47' title='bbox 375 932 589 1015; x_wconf 79' lang='lat' dir='ltr'><strong>peritissimae</strong></span> <span class='ocrx_word' id='word_1_48' title='bbox 605 932 791 1016; x_wconf 75' lang='lat' dir='ltr'><strong>scripserit?</strong></span> <span class='ocrx_word' id='word_1_49' title='bbox 817 933 1055 998; x_wconf 89' lang='lat' dir='ltr'><strong>Praetermissis</strong></span> <span class='ocrx_word' id='word_1_50' title='bbox 1070 932 1168 1015; x_wconf 86' lang='lat' dir='ltr'><strong>igitur</strong></span> <span class='ocrx_word' id='word_1_51' title='bbox 1181 932 1278 1001; x_wconf 88' lang='lat' dir='ltr'><strong>rebus</strong></span> 
     </span>
     <span class='ocr_line' id='line_1_7' title="bbox 104 1033 1277 1117; baseline 0.001 -17"><span class='ocrx_word' id='word_1_52' title='bbox 104 1033 316 1116; x_wconf 83' lang='lat' dir='ltr'><strong>aequalibus</strong></span> <span class='ocrx_word' id='word_1_53' title='bbox 338 1036 421 1100; x_wconf 91' lang='lat' dir='ltr'><strong>notis</strong></span> <span class='ocrx_word' id='word_1_54' title='bbox 439 1054 479 1100; x_wconf 86' lang='lat' dir='ltr'><strong>ae</strong></span> <span class='ocrx_word' id='word_1_55' title='bbox 492 1053 597 1117; x_wconf 89' lang='lat' dir='ltr'><strong>paene</strong></span> <span class='ocrx_word' id='word_1_56' title='bbox 612 1033 773 1102; x_wconf 89' lang='lat' dir='ltr'><strong>cotidiano</strong></span> <span class='ocrx_word' id='word_1_57' title='bbox 789 1054 848 1101; x_wconf 88' lang='lat' dir='ltr'><strong>usu</strong></span> <span class='ocrx_word' id='word_1_58' title='bbox 863 1035 946 1099; x_wconf 91' lang='lat' dir='ltr'><strong>tritis</strong></span> <span class='ocrx_word' id='word_1_59' title='bbox 961 1053 1016 1100; x_wconf 89' lang='lat' dir='ltr'><strong>eas</strong></span> <span class='ocrx_word' id='word_1_60' title='bbox 1032 1035 1118 1100; x_wconf 91' lang='lat' dir='ltr'><strong>solas</strong></span> <span class='ocrx_word' id='word_1_61' title='bbox 1132 1034 1277 1116; x_wconf 88' lang='lat' dir='ltr'><strong>pluribus</strong></span> 
     </span>
     <span class='ocr_line' id='line_1_8' title="bbox 104 1123 1277 1219; baseline 0.002 -19"><span class='ocrx_word' id='word_1_62' title='bbox 104 1141 312 1218; x_wconf 84' lang='lat' dir='ltr'><strong>persecutns</strong></span> <span class='ocrx_word' id='word_1_63' title='bbox 328 1141 385 1219; x_wconf 87' lang='lat' dir='ltr'><strong>eet,</strong></span> <span class='ocrx_word' id='word_1_64' title='bbox 409 1154 493 1217; x_wconf 87' lang='lat' dir='ltr'><strong>qnae</strong></span> <span class='ocrx_word' id='word_1_65' title='bbox 507 1123 549 1201; x_wconf 84' lang='lat' dir='ltr'><strong>ab</strong></span> <span class='ocrx_word' id='word_1_66' title='bbox 564 1137 717 1202; x_wconf 87' lang='lat' dir='ltr'><strong>institutis</strong></span> <span class='ocrx_word' id='word_1_67' title='bbox 732 1156 810 1202; x_wconf 89' lang='lat' dir='ltr'><strong>suae</strong></span> <span class='ocrx_word' id='word_1_68' title='bbox 824 1137 941 1202; x_wconf 86' lang='lat' dir='ltr'><strong>aetatis</strong></span> <span class='ocrx_word' id='word_1_69' title='bbox 956 1135 1053 1201; x_wconf 91' lang='lat' dir='ltr'><strong>valde</strong></span> <span class='ocrx_word' id='word_1_70' title='bbox 1069 1134 1277 1203; x_wconf 84' lang='lat' dir='ltr'><strong>differebant:</strong></span> 
     </span>
     <span class='ocr_line' id='line_1_9' title="bbox 106 1236 1276 1323; baseline 0.003 -23"><span class='ocrx_word' id='word_1_71' title='bbox 106 1236 177 1302; x_wconf 88' lang='lat' dir='ltr'><strong>bae</strong></span> <span class='ocrx_word' id='word_1_72' title='bbox 209 1237 350 1304; x_wconf 89' lang='lat' dir='ltr'><strong>suntin</strong></span> <span class='ocrx_word' id='word_1_73' title='bbox 378 1236 592 1320; x_wconf 88' lang='lat' dir='ltr'><strong>hippodromo</strong></span> <span class='ocrx_word' id='word_1_74' title='bbox 615 1236 806 1323; x_wconf 85' lang='lat' dir='ltr'><strong>Olympiaco</strong></span> <span class='ocrx_word' id='word_1_75' title='bbox 835 1256 980 1304; x_wconf 84' lang='lat' dir='ltr'><strong>carceres</strong></span> <span class='ocrx_word' id='word_1_76' title='bbox 1008 1242 1040 1302; x_wconf 93' lang='lat' dir='ltr'><strong>et</strong></span> <span class='ocrx_word' id='word_1_77' title='bbox 1061 1237 1276 1320; x_wconf 80' lang='lat' dir='ltr'><strong>Taraxippns.</strong></span> 
     </span>
     <span class='ocr_line' id='line_1_10' title="bbox 107 1338 1277 1423; baseline 0 -18"><span class='ocrx_word' id='word_1_78' title='bbox 107 1338 213 1405; x_wconf 89' lang='lat' dir='ltr'><strong>Unde</strong></span> <span class='ocrx_word' id='word_1_79' title='bbox 238 1338 325 1405; x_wconf 89' lang='lat' dir='ltr'><strong>bano</strong></span> <span class='ocrx_word' id='word_1_80' title='bbox 346 1341 453 1423; x_wconf 82' lang='lat' dir='ltr'><strong>legem</strong></span> <span class='ocrx_word' id='word_1_81' title='bbox 473 1339 704 1423; x_wconf 88' lang='lat' dir='ltr'><strong>interpretandi</strong></span> <span class='ocrx_word' id='word_1_82' title='bbox 719 1341 787 1406; x_wconf 84' lang='lat' dir='ltr'><strong>inre</strong></span> <span class='ocrx_word' id='word_1_83' title='bbox 802 1340 896 1406; x_wconf 89' lang='lat' dir='ltr'><strong>nobis</strong></span> <span class='ocrx_word' id='word_1_84' title='bbox 911 1340 1103 1406; x_wconf 89' lang='lat' dir='ltr'><strong>constituere</strong></span> <span class='ocrx_word' id='word_1_85' title='bbox 1119 1339 1277 1423; x_wconf 84' lang='lat' dir='ltr'><strong>videmur,</strong></span> 
     </span>
     <span class='ocr_line' id='line_1_11' title="bbox 105 1440 1277 1524; baseline 0.003 -19"><span class='ocrx_word' id='word_1_86' title='bbox 105 1445 144 1505; x_wconf 91' lang='lat' dir='ltr'><strong>nt</strong></span> <span class='ocrx_word' id='word_1_87' title='bbox 168 1460 263 1524; x_wconf 89' lang='lat' dir='ltr'><strong>quae</strong></span> <span class='ocrx_word' id='word_1_88' title='bbox 286 1440 469 1508; x_wconf 88' lang='lat' dir='ltr'><strong>describere</strong></span> <span class='ocrx_word' id='word_1_89' title='bbox 492 1442 723 1524; x_wconf 89' lang='lat' dir='ltr'><strong>supersederit,</strong></span> <span class='ocrx_word' id='word_1_90' title='bbox 754 1441 882 1506; x_wconf 86' lang='lat' dir='ltr'><strong>calere</strong></span> <span class='ocrx_word' id='word_1_91' title='bbox 904 1441 1024 1507; x_wconf 91' lang='lat' dir='ltr'><strong>similia</strong></span> <span class='ocrx_word' id='word_1_92' title='bbox 1051 1441 1151 1507; x_wconf 87' lang='lat' dir='ltr'><strong>fuisse</strong></span> <span class='ocrx_word' id='word_1_93' title='bbox 1173 1461 1277 1508; x_wconf 89' lang='lat' dir='ltr'><strong>suma·</strong></span> 
     </span>
     <span class='ocr_line' id='line_1_12' title="bbox 105 1543 1277 1625; baseline 0.001 -17"><span class='ocrx_word' id='word_1_94' title='bbox 105 1562 184 1608; x_wconf 87' lang='lat' dir='ltr'><strong>mus</strong></span> <span class='ocrx_word' id='word_1_95' title='bbox 209 1543 370 1610; x_wconf 86' lang='lat' dir='ltr'><strong>institutis</strong></span> <span class='ocrx_word' id='word_1_96' title='bbox 393 1544 549 1610; x_wconf 85' lang='lat' dir='ltr'><strong>circorum</strong></span> <span class='ocrx_word' id='word_1_97' title='bbox 571 1544 796 1610; x_wconf 85' lang='lat' dir='ltr'><strong>Romanorum.</strong></span> <span class='ocrx_word' id='word_1_98' title='bbox 839 1543 908 1608; x_wconf 85' lang='lat' dir='ltr'><strong>Iam</strong></span> <span class='ocrx_word' id='word_1_99' title='bbox 931 1562 993 1625; x_wconf 85' lang='lat' dir='ltr'><strong>ego</strong></span> <span class='ocrx_word' id='word_1_100' title='bbox 1014 1561 1086 1608; x_wconf 88' lang='lat' dir='ltr'><strong>eum</strong></span> <span class='ocrx_word' id='word_1_101' title='bbox 1116 1562 1188 1608; x_wconf 88' lang='lat' dir='ltr'><strong>enm</strong></span> <span class='ocrx_word' id='word_1_102' title='bbox 1210 1564 1277 1609; x_wconf 93' lang='lat' dir='ltr'><strong>om-</strong></span> 
     </span>
     <span class='ocr_line' id='line_1_13' title="bbox 104 1643 1277 1729; baseline 0.001 -19"><span class='ocrx_word' id='word_1_103' title='bbox 104 1646 177 1729; x_wconf 91' lang='lat' dir='ltr'><strong>nia,</strong></span> <span class='ocrx_word' id='word_1_104' title='bbox 202 1664 295 1728; x_wconf 90' lang='lat' dir='ltr'><strong>quae</strong></span> <span class='ocrx_word' id='word_1_105' title='bbox 316 1646 351 1710; x_wconf 93' lang='lat' dir='ltr'><strong>in</strong></span> <span class='ocrx_word' id='word_1_106' title='bbox 373 1644 434 1712; x_wconf 89' lang='lat' dir='ltr'><strong>bae</strong></span> <span class='ocrx_word' id='word_1_107' title='bbox 455 1664 491 1710; x_wconf 95' lang='lat' dir='ltr'><strong>re</strong></span> <span class='ocrx_word' id='word_1_108' title='bbox 513 1643 713 1728; x_wconf 85' lang='lat' dir='ltr'><strong>depinxerit,</strong></span> <span class='ocrx_word' id='word_1_109' title='bbox 737 1645 765 1710; x_wconf 86' lang='lat' dir='ltr'><strong>si</strong></span> <span class='ocrx_word' id='word_1_110' title='bbox 786 1665 849 1710; x_wconf 93' lang='lat' dir='ltr'><strong>non</strong></span> <span class='ocrx_word' id='word_1_111' title='bbox 870 1645 982 1728; x_wconf 91' lang='lat' dir='ltr'><strong>plene,</strong></span> <span class='ocrx_word' id='word_1_112' title='bbox 1004 1652 1039 1710; x_wconf 85' lang='lat' dir='ltr'><strong>at</strong></span> <span class='ocrx_word' id='word_1_113' title='bbox 1060 1651 1168 1712; x_wconf 90' lang='lat' dir='ltr'><strong>tamen</strong></span> <span class='ocrx_word' id='word_1_114' title='bbox 1189 1652 1277 1711; x_wconf 88' lang='lat' dir='ltr'><strong>recte</strong></span> 
     </span>
     <span class='ocr_line' id='line_1_14' title="bbox 106 1746 1276 1830; baseline 0.001 -18"><span class='ocrx_word' id='word_1_115' title='bbox 106 1746 311 1830; x_wconf 87' lang='lat' dir='ltr'><strong>depinxisse</strong></span> <span class='ocrx_word' id='word_1_116' title='bbox 332 1766 521 1830; x_wconf 86' lang='lat' dir='ltr'><strong>persuasum</strong></span> <span class='ocrx_word' id='word_1_117' title='bbox 545 1746 683 1812; x_wconf 86' lang='lat' dir='ltr'><strong>babeam</strong></span> <span class='ocrx_word' id='word_1_118' title='bbox 704 1765 810 1827; x_wconf 89' lang='lat' dir='ltr'><strong>neque</strong></span> <span class='ocrx_word' id='word_1_119' title='bbox 833 1752 913 1813; x_wconf 88' lang='lat' dir='ltr'><strong>stem</strong></span> <span class='ocrx_word' id='word_1_120' title='bbox 935 1746 978 1810; x_wconf 89' lang='lat' dir='ltr'><strong>ab</strong></span> <span class='ocrx_word' id='word_1_121' title='bbox 1000 1748 1070 1814; x_wconf 86' lang='lat' dir='ltr'><strong>eins</strong></span> <span class='ocrx_word' id='word_1_122' title='bbox 1085 1749 1276 1813; x_wconf 88' lang='lat' dir='ltr'><strong>obtrectato-</strong></span> 
     </span>
     <span class='ocr_line' id='line_1_15' title="bbox 104 1848 1281 1933; baseline -0.004 -21"><span class='ocrx_word' id='word_1_123' title='bbox 104 1849 218 1933; x_wconf 88' lang='lat' dir='ltr'><strong>ribus,</strong></span> <span class='ocrx_word' id='word_1_124' title='bbox 243 1849 347 1914; x_wconf 86' lang='lat' dir='ltr'><strong>verba</strong></span> <span class='ocrx_word' id='word_1_125' title='bbox 361 1849 430 1913; x_wconf 88' lang='lat' dir='ltr'><strong>eius</strong></span> <span class='ocrx_word' id='word_1_126' title='bbox 446 1866 543 1929; x_wconf 85' lang='lat' dir='ltr'><strong>qaam</strong></span> <span class='ocrx_word' id='word_1_127' title='bbox 556 1848 734 1914; x_wconf 90' lang='lat' dir='ltr'><strong>rectissime</strong></span> <span class='ocrx_word' id='word_1_128' title='bbox 750 1855 782 1914; x_wconf 94' lang='lat' dir='ltr'><strong>et</strong></span> <span class='ocrx_word' id='word_1_129' title='bbox 796 1848 1035 1931; x_wconf 85' lang='lat' dir='ltr'><strong>interpretando</strong></span> <span class='ocrx_word' id='word_1_130' title='bbox 1052 1855 1084 1914; x_wconf 90' lang='lat' dir='ltr'><strong>et</strong></span> <span class='ocrx_word' id='word_1_131' title='bbox 1098 1848 1281 1932; x_wconf 88' lang='lat' dir='ltr'><strong>supplendo.</strong></span> 
     </span>
     <span class='ocr_line' id='line_1_16' title="bbox 104 1948 1276 2032; baseline 0.001 -18"><span class='ocrx_word' id='word_1_132' title='bbox 104 1970 181 2016; x_wconf 91' lang='lat' dir='ltr'><strong>rem</strong></span> <span class='ocrx_word' id='word_1_133' title='bbox 200 1950 389 2015; x_wconf 83' lang='lat' dir='ltr'><strong>intricatam</strong></span> <span class='ocrx_word' id='word_1_134' title='bbox 404 1948 559 2030; x_wconf 90' lang='lat' dir='ltr'><strong>expedire</strong></span> <span class='ocrx_word' id='word_1_135' title='bbox 572 1948 789 2031; x_wconf 87' lang='lat' dir='ltr'><strong>periclitabor.</strong></span> <span class='ocrx_word' id='word_1_136' title='bbox 815 1950 1011 2032; x_wconf 89' lang='lat' dir='ltr'><strong>Acprimnm</strong></span> <span class='ocrx_word' id='word_1_137' title='bbox 1027 1951 1157 2032; x_wconf 88' lang='lat' dir='ltr'><strong>quidem</strong></span> <span class='ocrx_word' id='word_1_138' title='bbox 1169 1951 1276 2016; x_wconf 91' lang='lat' dir='ltr'><strong>dicam</strong></span> 
     </span>
     <span class='ocr_line' id='line_1_17' title="bbox 107 2050 1276 2133; baseline -0.002 -15"><span class='ocrx_word' id='word_1_139' title='bbox 107 2051 154 2118; x_wconf 86' lang='lat' dir='ltr'><strong>de</strong></span> <span class='ocrx_word' id='word_1_140' title='bbox 179 2071 220 2117; x_wconf 92' lang='lat' dir='ltr'><strong>re</strong></span> <span class='ocrx_word' id='word_1_141' title='bbox 246 2050 474 2117; x_wconf 76' lang='lat' dir='ltr'><strong>controversiis</strong></span> <span class='ocrx_word' id='word_1_142' title='bbox 495 2051 636 2116; x_wconf 85' lang='lat' dir='ltr'><strong>maxime</strong></span> <span class='ocrx_word' id='word_1_143' title='bbox 659 2050 809 2133; x_wconf 91' lang='lat' dir='ltr'><strong>obnoxia,</strong></span> <span class='ocrx_word' id='word_1_144' title='bbox 833 2051 875 2116; x_wconf 92' lang='lat' dir='ltr'><strong>de</strong></span> <span class='ocrx_word' id='word_1_145' title='bbox 896 2052 1088 2117; x_wconf 90' lang='lat' dir='ltr'><strong>carceribus.</strong></span> <span class='ocrx_word' id='word_1_146' title='bbox 1125 2051 1175 2116; x_wconf 88' lang='lat' dir='ltr'><strong>Ne</strong></span> <span class='ocrx_word' id='word_1_147' title='bbox 1198 2071 1276 2116; x_wconf 91' lang='lat' dir='ltr'><strong>vero</strong></span> 
     </span>
     <span class='ocr_line' id='line_1_18' title="bbox 106 2150 1277 2237; baseline -0.003 -19"><span class='ocrx_word' id='word_1_148' title='bbox 106 2152 241 2220; x_wconf 85' lang='lat' dir='ltr'><strong>flumen</strong></span> <span class='ocrx_word' id='word_1_149' title='bbox 263 2152 489 2234; x_wconf 88' lang='lat' dir='ltr'><strong>explicationis</strong></span> <span class='ocrx_word' id='word_1_150' title='bbox 511 2172 604 2219; x_wconf 89' lang='lat' dir='ltr'><strong>meae</strong></span> <span class='ocrx_word' id='word_1_151' title='bbox 626 2150 805 2218; x_wconf 87' lang='lat' dir='ltr'><strong>retardetur</strong></span> <span class='ocrx_word' id='word_1_152' title='bbox 820 2153 874 2218; x_wconf 85' lang='lat' dir='ltr'><strong>vel</strong></span> <span class='ocrx_word' id='word_1_153' title='bbox 891 2152 1044 2237; x_wconf 86' lang='lat' dir='ltr'><strong>turbetur,</strong></span> <span class='ocrx_word' id='word_1_154' title='bbox 1066 2154 1155 2236; x_wconf 90' lang='lat' dir='ltr'><strong>prins</strong></span> <span class='ocrx_word' id='word_1_155' title='bbox 1169 2171 1277 2217; x_wconf 86' lang='lat' dir='ltr'><strong>meam</strong></span> 
     </span>
     <span class='ocr_line' id='line_1_19' title="bbox 108 2252 1278 2338; baseline -0.008 -16"><span class='ocrx_word' id='word_1_156' title='bbox 108 2254 315 2322; x_wconf 87' lang='lat' dir='ltr'><strong>sententiam</strong></span> <span class='ocrx_word' id='word_1_157' title='bbox 337 2254 497 2337; x_wconf 88' lang='lat' dir='ltr'><strong>proferam</strong></span> <span class='ocrx_word' id='word_1_158' title='bbox 518 2273 590 2319; x_wconf 90' lang='lat' dir='ltr'><strong>oum</strong></span> <span class='ocrx_word' id='word_1_159' title='bbox 606 2252 840 2320; x_wconf 89' lang='lat' dir='ltr'><strong>Wacbsmntbii</strong></span> <span class='ocrx_word' id='word_1_160' title='bbox 856 2261 1084 2338; x_wconf 85' lang='lat' dir='ltr'><strong>congruentem</strong></span> <span class='ocrx_word' id='word_1_161' title='bbox 1098 2260 1278 2320; x_wconf 85' lang='lat' dir='ltr'><strong>ceterorum</strong></span> 
     </span>
     <span class='ocr_line' id='line_1_20' title="bbox 109 2356 431 2422; baseline -0.003 0"><span class='ocrx_word' id='word_1_162' title='bbox 109 2357 204 2422; x_wconf 88' lang='lat' dir='ltr'><strong>infra</strong></span> <span class='ocrx_word' id='word_1_163' title='bbox 227 2356 431 2422; x_wconf 69' lang='lat' dir='ltr'><strong>salutatum.</strong></span> 
     </span>
    </p>
   </div>
   <div class='ocr_carea' id='block_1_4' title="bbox 0 0 1564 4766">
    <p class='ocr_par' dir='ltr' id='par_1_4' title="bbox 0 0 1564 4766">
     <span class='ocr_line' id='line_1_21' title="bbox 0 0 1564 4766; baseline 0 0"><span class='ocrx_word' id='word_1_164' title='bbox 0 0 1564 4766; x_wconf 95' lang='lat' dir='ltr'><strong> </strong></span> 
     </span>
    </p>
   </div>
  </div>
 </body>
</html>
