3088 4774
486 282 515 337 C.
543 284 594 338 DE
612 282 797 340 MENSURIS
815 282 1035 351 QUIBUSDAM.
1276 287 1336 346 105

184 455 234 521 Ol.
250 455 353 522 1150:
374 458 554 540 τέθριππα
576 454 843 542 δυωδεκάδρομα.

251 575 297 640 VI
313 578 369 640 75:

248 679 364 759 μῶμος
388 674 424 754 ἐξ
444 670 555 742 άλλων
576 680 738 761 κρέμαται
760 675 978 762 φθονεόντων

248 791 329 859 τοῖς,
354 777 404 856 οίς
426 803 511 845 ποτε
532 778 682 866 πρώτοις
703 780 783 864 περὶ
805 776 991 843 δωδέκατον
1013 776 1137 862 δρόμον

249 877 500 947 ἐλαυνόντεσσιν
523 878 638 947 αἰδοία
661 879 847 968 ποτιστάξῃ
870 878 981 967 Χάρις
1004 875 1119 947 εὐκλέα
1140 879 1285 967 μορφάν.

185 999 278 1084 Pyth.
295 1000 323 1066 V
338 1002 393 1066 30:

796 1076 975 1171 ἀκηράτοις
997 1079 1109 1161 άνίαις

431 1185 626 1270 ποδαρκέων
650 1185 922 1273 δυωδεκάδρομον
943 1189 1088 1270 τέμενος.
1096 1189 1117 1262 1)

269 1321 408 1391 Soholiis
431 1343 508 1390 vero
530 1323 574 1390 ad
596 1324 669 1390 illos
692 1323 825 1390 Pindari
848 1325 935 1392 locos
957 1324 1128 1408 adscriptis
1150 1345 1215 1390 non
1237 1325 1333 1391 modo

183 1445 247 1490 non
268 1425 423 1492 refutatur
445 1429 518 1492 mea
539 1426 708 1508 sententia,
732 1425 791 1492 sed
814 1426 911 1492 etiam
933 1425 1089 1493 firmatur:

182 1560 224 1626 ad
240 1560 291 1626 Ol.
307 1560 411 1626 1150:
436 1557 730 1646 δυωδεκαδρόμων]
754 1552 809 1626 ότι
831 1553 959 1626 διόδεκα
980 1559 1123 1646 δρόμους
1138 1557 1269 1646 ἔτρεχον
1291 1560 1334 1626 τά

181 1662 294 1726 τέλεια
317 1652 459 1745 άρματα,
481 1663 634 1728 τουτέστι
656 1660 678 1726 ι’
702 1663 757 1728 καί
779 1661 810 1747 β’
833 1664 1088 1750 καμπτήρας
1109 1663 1153 1742 (h.
1170 1684 1197 1730 e.
1214 1665 1334 1732 nircum

181 1765 374 1830 exteriorem
396 1766 535 1841 metam).

182 1884 286 1950 adIII
301 1886 356 1949 33:
380 1879 691 1969 δωδεκάγναμπτον]
716 1880 844 1948 δώδεκα
867 1879 930 1966 γάρ
952 1879 1108 1970 [δρόμους
1129 1881 1276 1971 suppleo]
1300 1882 1335 1949 έν

178 1976 347 2071 Ὀλυμπίᾳ
368 1987 476 2067 τρέχει
497 1982 536 2049 τό
559 1985 686 2050 τέλειον
710 1976 809 2068 άρμα,
831 1981 869 2049 τό
895 1983 931 2050 δέ
953 1981 1102 2051 πωλικόν
1125 1977 1220 2050 ὀκτώ.

182 2104 225 2170 ad
240 2104 285 2170 Vl
301 2108 356 2169 75:
380 2101 512 2189 φθόνος
528 2099 748 2187 ἐπικρέμαται
762 2101 904 2182 τούτοις,
929 2101 980 2179 οἷς
1004 2099 1043 2169 άν
1061 2127 1147 2169 ποτε
1167 2101 1252 2168 κατὰ
1274 2101 1334 2191 τήν

178 2197 366 2288 Ὀλυμπίαν
387 2206 468 2289 περὶ
490 2201 562 2270 τόν
592 2203 908 2272 δωδεκάκυκλον
939 2204 1094 2290 δρόμον
1125 2198 1333 2290 άγωνισαμέ·

182 2331 252 2383 νοις
266 2308 322 2372 καὶ
337 2301 510 2394 νικήσασιν
531 2301 551 2395 ἡ
575 2304 610 2372 έκ
623 2310 683 2395 τῆς
705 2313 795 2395 νίκης
807 2305 903 2394 χάρις
923 2306 1056 2386 ένδοξον
1077 2305 1136 2393 τήν
1159 2301 1242 2392 όψιν
1264 2331 1333 2372 πα-

181 2407 296 2496 ράσχῃ.

180 2529 223 2594 ad
230 2528 425 2614 Pyth.v32:
439 2530 637 2613 περιέβαλεν
652 2525 670 2596 ὃ
683 2522 866 2618 Κάῤῥωτος
877 2541 952 2608 ταῖς
965 2541 1040 2606 σαῖς
1054 2525 1183 2610 κόμαις,
1196 2520 1332 2617 άφθάρ·

181 2653 252 2706 τοις
285 2623 395 2717 ήνίαις
426 2629 510 2697 κατά
543 2630 580 2698 τό
608 2636 744 2714 τέμενος
767 2635 834 2698 τῶν
867 2631 1148 2717 δυωδεκαδρόμων
1175 2625 1333 2716 άρμάτων

181 2729 334 2816 ἐπαρκῶν
341 2783 350 2812 ,
374 2736 526 2799 τουτέστι
547 2732 585 2800 τό
610 2735 746 2802 σταδίον
767 2749 840 2813 τοῖς
861 2738 964 2802 ποσίν
987 2733 1174 2818 έπαρκέσας
1195 2737 1251 2801 καὶ
1273 2732 1333 2820 τήν

182 2839 273 2920 νίκην
289 2828 561 2920 ἀπενεγκάμενος.
595 2839 679 2922 φασὶ
697 2837 733 2903 δέ
747 2862 844 2918 τινες,
867 2830 921 2905 ότι
937 2836 1064 2903 δώδεκα
1081 2835 1224 2920 δρόμους
1240 2830 1333 2902 άνόει

180 2934 218 3002 τδ
242 2938 370 3002 τέλειον
393 2927 492 3020 άρμα,
516 2934 554 3002 τὸ
579 2937 615 3004 δὲ
637 2936 787 3004 πωλικόν
816 2932 919 3005 ὀκτώ·
947 2942 1046 3004 τοῦτο
1070 2938 1107 3004 δέ
1128 2937 1333 3025 μαρτυρήσει

180 3043 236 3105 καὶ
259 3034 277 3106 ό
301 3038 515 3120 Καλλίμαχος
538 3039 641 3124 λέγων

299 3173 477 3251 δωδεκάκις
499 3176 579 3258 περί
602 3175 722 3265 δίφρον
744 3174 907 3265 ἐπήγαγεν
930 3174 1062 3257 ἰ’θματα
1086 3175 1218 3263 δίφρου.

267 3314 316 3378 Idx
332 3311 394 3380 hoo
408 3312 600 3380 Callimachi
615 3333 720 3396 vorsu,
744 3315 799 3396 qui
813 3313 893 3380 vitio
911 3314 1045 3396 laborat,
1067 3312 1149 3378 nihil
1164 3313 1242 3379 oerti
1258 3333 1330 3379 oon·

181 3414 374 3481 eludendum
397 3421 454 3482 est
492 3414 558 3481 Sed
573 3414 733 3499 siqnidem
749 3413 870 3501 δίφρον
891 3421 1072 3497 corruptum
1093 3413 1229 3498 videtur,
1253 3413 1331 3480 dno·

181 3613 249 3668 ficar
266 3614 414 3669 solamente
436 3616 467 3670 el
485 3614 625 3685 espaoio
643 3615 683 3669 de
699 3631 765 3671 nna
787 3620 874 3671 meta
892 3616 909 3669 a
927 3619 1018 3683 otra3
1044 3614 1070 3669 lo
1092 3615 1156 3683 qual
1173 3629 1215 3668 ma
1233 3628 1331 3682 parens

181 3715 239 3753 mas
256 3699 386 3763 racional‚
403 3701 511 3757 edomas
529 3701 563 3756 de
580 3715 632 3770 que
649 3700 676 3755 lo
695 3701 826 3756 confirma
846 3718 884 3756 nn
901 3701 979 3769 lugar
1002 3701 1036 3756 de
1053 3700 1202 3754 Pausanias
1221 3714 1272 3768 qne
1290 3698 1330 3752 di-

181 3786 287 3854 stingue
304 3785 345 3838 las
363 3785 412 3839 dos
428 3792 513 3842 metas
532 3787 581 3852 [VI
600 3780 665 3852 ²01'·

268 3875 293 3934 1)
311 3868 435 3924 Totidem
447 3871 537 3939 igitur,
556 3878 622 3940 quot
633 3875 662 3926 in
675 3871 842 3942 Olympiaca,
859 3872 888 3926 in
899 3870 1033 3940 Delphico
1046 3868 1259 3926 conficiebantur
1277 3871 1329 3923 cir·

182 3955 285 4019 cuitus,
309 3954 381 4008 unde
400 3956 523 4010 concludi
539 3957 602 4011 licet
620 3957 701 4012 etiam
723 3957 752 4011 in
773 3958 871 4012 ceteris
890 3955 1057 4011 Graeoomm
1081 3954 1278 4024 hippodromis,
1302 3955 1330 4008 in

180 4039 329 4094 maioribus
347 4043 429 4105 certe,
446 4038 486 4093 lta
503 4055 559 4095 rem
577 4057 607 4096 se
624 4041 761 4097 habuisse.
