3096 4766
681 1122 716 1189 0.

276 1272 336 1356 ou
364 1273 525 1359 curum
553 1271 799 1358 sursulus
825 1271 1132 1357 umroououo.
1258 1241 1262 1250 '

498 1427 710 1493 (Postbomerica
727 1430 751 1483 Δ
769 1431 908 1491 too—95.)

209 1599 246 1664 In
273 1598 359 1665 ludis
386 1599 574 1667 funebribus
602 1599 723 1666 Achilli
751 1621 772 1666 a
799 1606 900 1664 matre
929 1597 1068 1664 Thetide
1096 1598 1277 1677 celebratis,

123 1720 205 1784 quos
227 1701 293 1765 iam
315 1701 357 1766 ab
380 1702 516 1766 extremi
539 1701 706 1785 Odysseae
735 1702 884 1767 carminis
913 1708 1010 1783 poeta
1032 1701 1065 1765 in
1095 1708 1278 1768 transcursu

122 1810 227 1868 tactos
242 1804 454 1880 (vrso-92)
470 1800 607 1880 Quintus
622 1803 723 1869 fusius
739 1810 836 1886 atque
852 1803 993 1868 ornatius
1009 1803 1180 1884 enarravit,
1196 1802 1278 1868 nihil

122 1903 366 1969 memorabilius
389 1902 516 1968 videtur
544 1924 640 1987 quam
670 1904 756 1986 quod
783 1924 930 1970 curruum
952 1905 1118 1970 certamini
1140 1904 1279 1971 adicitur

124 2006 279 2088 equitum,
303 2004 389 2087 quod
411 2005 507 2087 plane
529 2025 648 2071 novum
669 2013 701 2071 et
722 2005 809 2088 apud
832 2007 941 2088 epicos
963 2005 1093 2087 quidem
1115 2006 1278 2087 singulare

124 2107 226 2171 multo
249 2106 353 2187 magis
374 2111 499 2171 nostros
521 2108 645 2173 animos
667 2107 769 2174 allicit
791 2127 887 2190 quam
916 2106 1040 2175 currule
1063 2125 1106 2172 ers
1127 2107 1200 2171 aliis
1223 2106 1278 2171 de-

125 2206 353 2290 scriptionibus
375 2207 546 2273 simillimis
568 2209 646 2274 satis
665 2215 775 2273 notum
788 2214 886 2290 atque
901 2227 940 2275 eo
955 2209 1069 2291 magis,
1092 2209 1170 2291 quia
1184 2206 1279 2275 huius

125 2309 213 2392 apud
232 2306 384 2386 Quintum
406 2328 523 2392 magna
544 2329 618 2392 pars
640 2317 820 2393 temporum
842 2310 1010 2393 iniquitate
1031 2311 1136 2393 periit.
1174 2309 1280 2387 Quam

126 2412 167 2476 ob
197 2429 264 2476 rem
295 2429 355 2492 ego
383 2429 510 2493 quoque
538 2411 581 2476 ad
609 2414 752 2494 equitnm
775 2413 983 2479 certationem
1012 2412 1279 2478 considerandam
1367 2499 1368 2502 Ἴ

126 2514 214 2596 prius
236 2531 288 2577 me
311 2517 497 2578 convertam
519 2512 560 2579 de
583 2515 700 2580 curruli
722 2513 857 2598 posthac
879 2523 1017 2582 acturus.

212 2615 352 2679 Primum
368 2613 499 2697 quidem
515 2617 686 2700 quaeritur,
703 2636 840 2700 quanam
857 2637 955 2682 causa
969 2616 1105 2694 Quintus
1120 2617 1278 2685 adductus

127 2738 148 2781 a
168 2723 278 2782 vetere
307 2718 472 2799 epicorum
501 2735 590 2783 more
618 2737 722 2800 paene
750 2720 899 2784 sollemni
920 2719 953 2782 in
976 2719 1061 2785 ludis
1092 2719 1279 2786 funebribus

128 2816 197 2884 sola
219 2820 359 2885 currulia
380 2820 556 2884 certamina
583 2818 779 2902 depingendi
801 2819 994 2886 discesserit.
1039 2820 1153 2886 Utrum
1174 2822 1279 2889 fontes

128 2940 202 2986 suos
230 2927 359 2987 secutus
387 2921 421 2986 id
449 2921 526 2987 fecit
555 2941 597 2985 an
625 2921 695 3003 ipse
718 2920 759 2986 de
782 2941 839 2987 suo
861 2921 1019 2988 novavit?
1061 2922 1134 2987 Hoc
1156 2930 1191 2988 ut
1212 2943 1279 2990 cre·

129 3023 251 3105 damus,
274 3024 395 3087 nullam
408 3021 608 3105 probabilem
623 3022 721 3096 video
737 3042 876 3088 causam.
914 3023 978 3090 Gur
999 3024 1084 3092 enim
1106 3023 1140 3088 id
1162 3025 1279 3091 iecisse

129 3123 287 3207 putandus
304 3131 362 3207 est,
377 3126 441 3190 nisi
452 3144 504 3191 res
515 3124 663 3207 antiquas
674 3124 718 3189 ad
730 3144 807 3189 suae
822 3127 937 3191 aetatis
952 3145 1074 3191 morem
1089 3144 1280 3208 componere

129 3226 254 3292 voluit?
296 3226 388 3292 Illius
410 3245 489 3292 vero
512 3232 617 3292 aetate
639 3227 705 3304 (IV.
728 3247 760 3309 p.
776 3225 834 3292 ch.
850 3228 1005 3309 saeculo),
1033 3247 1098 3310 qua
1119 3227 1277 3294 Romano·

131 3347 198 3391 rum
220 3328 394 3395 auotoritas
417 3329 514 3394 etiam
542 3329 576 3393 in
598 3329 691 3395 circis
713 3329 847 3395 Graecis
869 3330 934 3393 iam
962 3330 1088 3412 pridem
1111 3329 1278 3412 praevale·

133 3427 200 3510 bat,
223 3430 397 3496 currulium
418 3431 627 3496 certaminum
648 3430 942 3512 frequentatissimo
964 3451 1023 3496 usu
1047 3433 1189 3514 equitum
1212 3450 1279 3496 cer-

132 3530 265 3596 tationes
293 3532 359 3597 iam
385 3552 489 3616 paene
518 3534 651 3599 obrutae
679 3540 778 3598 erant.
823 3531 908 3609 Quid
937 3534 1034 3616 igitur
1056 3541 1124 3598 erat
1152 3551 1279 3613 causae,

133 3653 186 3698 eur
214 3650 269 3698 eas
297 3635 331 3699 in
359 3637 500 3702 carmine
527 3635 754 3703 resuscitaret?
798 3632 999 3717 Quapropter
1021 3635 1124 3717 magis
1147 3634 1281 3699 inclinat

132 3736 269 3816 animus,
292 3740 328 3800 ut
348 3738 490 3819 equitum
514 3743 685 3819 certamen,
709 3736 796 3820 quod
817 3745 890 3819 post
904 3737 1033 3819 longam
1049 3756 1197 3801 curruum
1212 3755 1279 3803 cer·
1388 3753 1391 3760 ’

133 3837 264 3903 tantiam
293 3837 541 3922 descriptionem
570 3841 639 3907 sine
662 3839 853 3904 detrimento
876 3837 969 3904 desse
991 3844 1112 3920 potest,
1141 3858 1162 3903 a
1183 3844 1281 3921 poeta

133 3945 237 4005 nostro
261 3959 279 4004 e
301 3938 441 4007 fontibus
464 3942 529 4007 suis
552 3942 721 4023 repetitum
743 3941 888 4006 arbitrer.
933 3938 1013 4005 Cum
1029 3939 1187 4007 Homerus
1210 3941 1280 4006 eius

133 4043 178 4107 rei
191 4047 303 4108 auctor
317 4061 381 4107 non
396 4043 447 4126 sit,
469 4043 585 4125 cyclici
600 4043 767 4110 cuiusdam
781 4042 939 4124 poematis
962 4043 1184 4109 auctoritatem
1207 4062 1279 4108 eum
