3096 4766
489 307 525 362 11.
553 306 603 360 DE
622 306 747 364 LAEVO
766 306 872 363 GYRO.
1221 311 1262 370 39

92 503 173 581 est,
197 497 268 563 fieri
290 516 354 561 non
376 499 498 580 potest,
526 497 603 579 quin
625 498 699 580 equi
721 497 850 565 sinistra
871 497 1026 566 hactenus
1048 500 1184 583 ingressi
1208 500 1262 569 bic

15 637 19 646 ·
92 597 247 682 gradum
263 604 464 665 commutent.
498 597 569 664 Hac
583 603 690 664 autem
705 601 944 683 perturbatione
958 602 1135 685 periculum
1157 608 1261 669 metae

94 700 375 782 circumeundae,
404 699 493 783 qnod
518 701 624 784 ipsum
653 702 732 768 satis
759 722 911 784 magnum
937 709 1001 786 est,
1030 703 1127 770 valde
1149 705 1262 787 augeri

93 822 206 868 nemo
229 822 293 867 non
315 802 481 885 intellegit.
525 803 669 885 Accedit,
692 809 728 869 ut
749 805 824 886 equi
846 803 961 870 dextra
983 803 1101 871 debinc
1123 805 1261 888 quadru-

94 903 268 988 pedantes
297 904 338 970 de
366 904 529 970 celeritate
557 905 735 986 remittant,
764 906 916 988 quoniam
943 906 1102 973 eiusmodi
1123 906 1263 989 quadru-

96 1005 189 1090 pedi
204 1006 308 1094 gradu
321 1006 442 1071 maiore
457 1006 607 1071 molestia
628 1005 789 1072 incedunt.
826 1007 894 1074 Has
913 1007 1120 1075 difficultates
1135 1016 1262 1077 veteres

30 1135 34 1142 ·
99 1108 287 1190 evitabant,
310 1106 396 1190 quod
418 1127 573 1190 equorum
596 1113 729 1174 naturae
750 1108 962 1176 concedentes
984 1111 1080 1176 laevo
1104 1130 1184 1194 gyro
1207 1111 1262 1177 de-

102 1211 289 1276 currebant.
318 1207 373 1276 Sic
388 1211 474 1276 enim
488 1229 552 1275 non
567 1208 743 1276 verendum
758 1216 837 1293 erat,
853 1231 893 1277 ne
909 1211 984 1292 equi
998 1210 1082 1278 falso
1097 1211 1201 1294 gradu
1216 1213 1262 1279 in·

101 1312 254 1395 ciperent
269 1318 482 1378 nevemetam
496 1313 684 1378 ambeuntes
702 1309 838 1393 gradum
856 1317 1028 1378 mutarent:
1047 1333 1157 1380 verum
1169 1319 1265 1397 prout

103 1422 225 1480 natura
240 1420 331 1480 erant
346 1416 532 1497 comparati,
552 1414 682 1481 sinistra
696 1413 944 1496 quadrupedans
965 1415 1171 1498 incipiebant,
1187 1416 1263 1484 sini·

104 1521 176 1582 stra
185 1535 287 1598 nsque
298 1514 342 1581 ad
353 1514 448 1582 finem
464 1535 567 1598 acque
578 1517 765 1599 pergebant.
796 1514 1264 1584 Continuaconsuetudinefie·

104 1618 175 1699 bat,
193 1622 228 1681 ut
242 1618 315 1699 equi
331 1617 470 1683 naturali
485 1617 588 1701 gradu
603 1618 707 1700 magis
722 1618 891 1701 magisque
903 1619 1030 1684 exculto
1044 1624 1076 1684 ct
1087 1621 1263 1687 exercitato

104 1718 227 1784 denua
240 1717 509 1802 quadrupedatim
520 1719 662 1802 incipere
673 1720 769 1801 plane
780 1721 989 1802 neglegerent
998 1739 1037 1786 ac
1047 1719 1263 1804 repudiarent.

196 1821 260 1888 Hic
274 1840 345 1886 mos
360 1841 381 1884 a
395 1821 574 1887 currulibus
589 1821 816 1887 certaminibus
830 1821 930 1886 etiam
947 1817 990 1884 ad
1005 1822 1148 1902 equitum
1164 1833 1264 1891 trans·

108 1922 283 2007 ferebatur,
300 1941 495 2004 quamquam
511 1922 610 2004 equiti
623 1928 655 1988 et
670 1940 795 1988 crurum
811 1928 843 1988 et
857 1920 1001 1988 verberis
1018 1928 1051 1987 et
1066 1920 1263 1990 habenarum

110 2024 237 2089 auxilio
259 2042 377 2106 equum
399 2024 521 2090 utrovis
542 2022 646 2106 gradu
668 2023 839 2089 admittere
861 2023 961 2088 multo
983 2022 1111 2090 facilius
1135 2031 1192 2092 est.

199 2123 265 2190 Sed
294 2144 358 2190 non
386 2125 419 2189 in
446 2124 673 2191 certaminibus
695 2125 814 2208 solnm,
844 2143 954 2188 verum
978 2126 1076 2190 etiam
1098 2125 1131 2190 in
1153 2124 1265 2191 decur-

113 2227 256 2294 sionibus
277 2227 463 2293 funebribus
485 2228 633 2309 aliusque
658 2227 786 2310 generis
811 2226 941 2292 laevum
965 2244 1079 2310 gyrum
1105 2226 1266 2309 praefere-

114 2331 192 2396 bant
213 2329 280 2407 (cfr.
304 2329 341 2396 Il.
368 2331 402 2392 Ψ
420 2333 534 2395 5-14.
559 2329 590 2392 Ω
613 2332 710 2411 llsq.
734 2325 794 2406 Qu.
818 2325 922 2410 Smyr.
946 2327 1072 2393 111694
1090 2331 1183 2410 sqq).
1226 2326 1267 2393 Id

114 2433 244 2516 quidem
266 2431 406 2498 ostendit
427 2437 555 2516 praeter
577 2430 814 2510 simulacrum
805 2451 838 2495 ιιι
860 2429 941 2494 Mus.
957 2429 1030 2495 Pio·
1032 2427 1133 2495 Clem.
1149 2431 1214 2496 vol.
1227 2430 1266 2497 V.

115 2536 178 2600 fab.
189 2535 287 2600 XXX
301 2535 525 2601 adumbratum
543 2532 654 2600 Ovidii
669 2534 760 2598 locus
777 2533 905 2598 Metam.
914 2530 959 2596 VI
971 2533 1033 2594 225
1045 2551 1114 2614 sqq.
1131 2531 1172 2598 de
1187 2531 1266 2598 Nio-

116 2639 176 2704 bae
197 2636 304 2704 filiis
294 2658 328 2703 ιιι
350 2656 464 2720 campo
488 2635 746 2702 decurrentibus:

198 2739 225 2804 E
249 2739 364 2823 quibus
386 2740 539 2820 Ismenos,
563 2738 618 2820 qui
639 2737 748 2806 matri
756 2735 884 2801 sarcina
906 2733 1068 2816 quondam

198 2842 309 2907 Prima
330 2859 408 2906 snae
430 2840 544 2922 fuerat,
567 2838 643 2904 dum
667 2842 817 2904 certum
839 2836 979 2902 flectit
1001 2837 1041 2900 in
1065 2838 1197 2903 orbem

201 2941 427 3027 Quadrupedis
449 2958 560 3007 cursus
582 2939 828 3021 spumantiaque
851 2957 909 3002 ora
931 2944 1066 3020 coercet,

196 3039 250 3112 ‘Ei
271 3034 382 3110 mibil’
412 3042 602 3124 conclamat,
625 3039 796 3121 medioque
819 3039 852 3103 in
873 3046 1004 3122 pectore
1026 3038 1093 3104 fixa

199 3148 282 3215 Tela
304 3145 387 3230 gerit
408 3143 570 3224 frenisque
592 3162 688 3207 manu
710 3141 867 3208 moriente
889 3141 1031 3206 remissis

199 3250 235 3315 In
258 3250 342 3315 latus
364 3267 385 3312 a
407 3244 554 3310 dextro
576 3244 733 3327 paulatim
757 3241 869 3308 defluit
890 3261 1007 3308 armo.

122 3355 169 3420 Ex
194 3353 256 3418 hoc
282 3348 457 3417 novissimo
480 3365 576 3412 versu
603 3346 637 3411 in
664 3346 795 3411 laevum
823 3365 938 3429 gyrum
967 3362 1023 3409 eos
1046 3341 1266 3408 decucurrisse

123 3460 258 3538 apparet.
302 3450 396 3517 Nisni
419 3447 521 3529 enim,
550 3448 605 3530 qni
627 3467 649 3512 a
669 3445 776 3513 medio
800 3451 947 3512 extrema
967 3445 1101 3527 avertit,
1124 3443 1267 3509 Ismenos

123 3553 322 3623 moribundus
350 3554 416 3618 iam
444 3570 509 3616 non
537 3549 689 3616 resistens
719 3554 898 3615 extrorsum
927 3567 969 3614 ex
991 3565 1075 3628 equo
1099 3544 1267 3610 excutitur.

125 3660 239 3725 Tamen
266 3675 371 3738 neque
400 3673 442 3719 ex
470 3652 631 3719 hocloco
659 3670 765 3734 noque
795 3669 837 3716 ex
866 3649 925 3714 illa
954 3647 1096 3730 imagine
1119 3642 1268 3710 concludi

125 3761 192 3828 licet
206 3758 330 3842 equites
345 3756 548 3822 dextrorsum
563 3753 693 3819 omnino
709 3773 773 3818 non
789 3750 997 3835 equitavisse.
1018 3747 1159 3812 Minime.
1182 3744 1268 3810 Nam

127 3864 224 3945 imago
246 3878 344 3925 unum
365 3857 462 3923 modo
484 3860 636 3939 punctum
658 3854 812 3937 temporis
834 3851 935 3935 figens
950 3870 1015 3917 non
1029 3854 1137 3932 potest
1150 3853 1268 3914 utrum-

128 3983 181 4047 que
207 3980 321 4045 gyrum
342 3979 408 4024 una
429 3958 614 4040 ostendere,
645 3962 678 4023 et
699 3954 787 4040 apud
809 3952 961 4020 Ovidium
993 3950 1149 4034 incipiunt
1170 3947 1268 4016 modo

129 4067 294 4132 decurrere.
333 4060 369 4128 Si
385 4062 470 4126 enim
487 4059 606 4126 diutius
626 4059 806 4142 equitantes
827 4061 925 4139 poeta
947 4052 1181 4135 descripsisset,
1203 4070 1268 4116 non
