3096 4766
267 301 307 360 30
476 300 506 355 0.
534 301 584 354 DE
603 300 729 368 QUINTI
746 299 936 354 SMYRNAEI
953 299 1205 356 HIPPODROMO.

266 480 301 540 ut
323 475 398 540 inde
428 495 538 540 cursus
567 476 775 558 inciperetur,
805 475 949 556 tertium,
978 480 1014 538 ut
1037 473 1089 538 hie
1118 471 1269 538 finiretur.
1313 472 1438 539 Credo

266 579 373 642 animo
403 586 519 660 poetae
548 576 607 642 hes
629 596 741 642 versus
771 575 990 659 componentis
1019 574 1111 638 illum
1134 574 1339 641 Homericum
1365 575 1438 642 ob-

266 686 428 744 versatum
451 699 522 745 esse
545 679 594 757 (Ψ
609 681 699 756 758):

502 807 592 862 τοῖσι
616 789 647 860 ὃ)
674 789 744 861 ἀπὸ
768 794 889 881 νύσσης
910 798 1028 859 τέτατο
1052 790 1184 876 δρόμος.

266 917 333 982 Sed
355 918 382 982 is
406 916 447 982 de
468 918 671 1000 pedestribus
694 916 875 982 cursoribus
898 913 1002 981 dietus
1026 920 1083 996 est,
1107 913 1162 996 qui
1185 933 1257 978 cum
1280 933 1343 978 nou
1360 913 1433 979 eir-

267 1039 339 1084 eum
362 1025 480 1084 metam
501 1017 645 1099 flectant,
674 1019 809 1101 asigno
838 1015 977 1101 quodam
1006 1016 1117 1099 procul
1145 1015 1251 1097 posito
1279 1016 1430 1098 ideoque

266 1127 396 1205 propter
425 1126 530 1186 metae
568 1120 736 1186 exterioris
771 1119 1013 1185 similitudinem
1042 1113 1146 1180 νύσσα
1181 1115 1344 1198 appeliato
1377 1117 1429 1182 ad

265 1226 390 1290 iudices
413 1241 525 1287 versus
547 1241 674 1286 currere
698 1221 836 1287 ducendi
859 1227 940 1286 sunt.
985 1219 1131 1286 Similem
1154 1225 1299 1284 veterum
1321 1219 1428 1284 inter-

266 1333 391 1409 pretum
415 1325 605 1390 sententiam
621 1322 807 1389 Eustathius
829 1322 872 1387 ad
895 1321 979 1387 hune
1001 1341 1129 1387 versum
1145 1319 1282 1403 profert:
1306 1317 1368 1396 Εἰς
1384 1321 1427 1385 δὲ

266 1424 303 1491 τὸ
330 1419 398 1490 ἀπὸ
423 1417 544 1510 νύσσης
567 1425 670 1509 φασὶν
693 1415 748 1490 ὅτι
778 1420 908 1504 ὄόλιχος
930 1406 970 1510 ἦν
998 1417 1015 1488 ὁ
1041 1419 1164 1507 δρόμος
1185 1422 1241 1486 καὶ
1270 1415 1289 1504 ἡ
1314 1415 1425 1508 ἄφε-

268 1551 332 1603 σις
355 1520 432 1590 ἀπὸ
457 1528 528 1590 τοῦ
550 1518 795 1610 κομστῆρος
818 1522 978 1608 ἐγένετο
1002 1517 1084 1589 ἅνω
1106 1521 1213 1607 πρὸς
1231 1517 1424 1610 τὴνᾶφε-

267 1633 433 1715 rupuar,
456 1630 518 1694 nisi
535 1628 621 1710 quod
636 1647 806 1711 perperam
821 1627 862 1692 de
878 1626 1008 1692 dolieho
1024 1627 1255 1722 cogitaverunt:
1289 1627 1424 1694 Reetius

268 1732 353 1797 enim
376 1729 475 1796 schol.
491 1731 570 1795 Ven.
588 1731 613 1794 B
630 1731 769 1795 studium
784 1730 990 1812 intellegens:
1009 1720 1139 1812 Ὀλίγος
1160 1751 1212 1803 τις
1234 1723 1283 1814 ἡν,
1306 1728 1421 1814 iuquit,

267 1828 283 1897 ὁ
310 1831 442 1916 δρόμος,
465 1829 551 1896 ’ἔνθα
573 1830 656 1918 μηδὲ
677 1829 813 1914 κάμψαι
835 1827 918 1917 ἐνῆν.
939 1833 943 1909 Ι
964 1827 1039 1895 ἐπεὶ
1057 1814 1113 1895 οὖν
1130 1826 1174 1914 μὴ
1198 1825 1419 1910 κάμπτουσιν,

268 1927 305 1999 οὗ
328 1932 543 2016 ταμιεύουσιν
566 1932 614 2009 εἷς
635 1930 672 1998 τὸ
697 1935 791 2009 τέλος
812 1928 850 1996 τὸ
874 1930 989 2012 τάχος,
1020 1923 1095 1996 ἀλλ’
1128 1923 1256 2007 εὐθέως
1282 1948 1420 2018 προπη-

268 2037 370 2102 δῶσιν
394 2042 447 2115 (=
469 2037 567 2103 schol.
592 2037 738 2113 Townl.).
