3096 4766
430 308 465 362 A.
492 309 543 364 DE
562 307 802 370 HIPPODROMO
819 307 1021 365 HOMERIGO.
1263 313 1302 369 15

238 479 396 572 Quoniam
429 478 470 546 de
497 487 602 549 metae
634 481 758 549 ratione
790 502 872 565 quae
899 482 1092 567 gravissima
1120 487 1198 567 puto
1231 502 1302 567 pro-

150 583 263 652 tulisse
291 581 369 648 mihi
398 581 525 668 videor,
555 585 735 669 proximum
757 591 821 669 est,
852 589 886 650 ut
907 583 949 652 dc
972 603 1081 651 cursus
1104 587 1136 651 et
1157 583 1247 652 initio
1270 590 1302 651 et
1346 603 1348 610 ·

119 737 123 744 .
152 686 216 754 fine
239 685 352 751 dicam.
398 683 554 769 Aurigae,
576 689 746 770 postquam
768 686 802 754 in
824 706 932 754 currus
955 685 1179 772 escendemnt,
1208 707 1302 770 quem

153 789 289 872 quisque
318 787 422 854 locum
452 786 581 854 sortitus
608 793 671 872 est,
702 805 774 856 eum
805 793 939 874 occupat
967 787 1011 874 (v.
1028 793 1089 854 352
1104 786 1198 874 sqq).
1242 790 1304 856 Hic

154 911 224 957 mos
245 889 397 956 stationes
412 888 566 956 sortiendi
580 889 613 955 in
629 891 774 958 omnibus
790 891 987 974 antiquitatis
1003 891 1166 958 curriculis
1189 892 1302 959 obvius

153 991 224 1075 (cfr.
237 1012 306 1074 cap.
318 992 375 1057 ID
389 998 421 1058 ct
431 991 479 1058 llI
490 991 527 1058 A.
548 994 579 1060 N
581 1013 652 1059 onn.
664 993 759 1060 Dion.
771 993 927 1060 XXXVII
939 996 1015 1058 226:
1037 995 1093 1060 καὶ
1114 998 1227 1083 κυνέης
1250 993 1302 1061 ἕν-

151 1097 276 1160 τσσθεν
304 1091 515 1180 ἒθήμονος
545 1087 645 1172 ἄλλος
673 1088 729 1161 ἐπ’
757 1090 847 1181 ἄλλῳ
867 1094 872 1177 Ι
890 1093 1018 1184 τυφλὴν
1043 1109 1139 1184 χεῖρα
1164 1103 1300 1165 etratus.

153 1197 251 1282 Soph.
265 1196 314 1262 El.
328 1200 485 1262 709-11.
520 1197 601 1264 Stat.
616 1197 717 1266 Theb.
733 1198 777 1265 VI
792 1200 863 1264 389.
899 1201 993 1266 Paus.
1009 1199 1053 1265 Vl
1067 1203 1118 1282 20,
1136 1199 1188 1284 11)
1204 1201 1302 1268 etiam

151 1299 194 1365 ad
223 1306 333 1366 nostra
359 1305 505 1384 tempora
532 1303 677 1366 servatus
706 1305 756 1368 est
784 1306 817 1367 et
838 1300 926 1388 apud
953 1320 1012 1370 nos
1043 1301 1173 1386 quidem
1201 1304 1301 1370 multo

151 1401 248 1468 etiam
269 1402 341 1487 plus
364 1403 469 1486 valet,
497 1401 574 1487 quia
594 1423 652 1470 nos
674 1401 851 1485 aequandis
874 1403 1127 1489 condicionibus,
1150 1407 1236 1488 quod
1258 1405 1302 1474 ad
1356 1460 1359 1469 .

150 1505 274 1587 equites
289 1509 365 1570 ante
380 1524 507 1572 cursum
529 1504 733 1573 collocandos
748 1506 870 1592 attinet,
894 1528 957 1574 non
978 1527 1049 1574 eam
1063 1527 1159 1590 quam
1174 1514 1301 1577 veteres

149 1625 282 1693 operam
304 1627 471 1675 navamus·
515 1608 552 1674 In
574 1606 691 1675 nostris
714 1608 798 1675 enim
822 1609 984 1676 curriculis
1011 1629 1120 1677 omnes
1142 1616 1300 1678 certantes

149 1729 215 1776 una
236 1716 326 1778 recta
351 1712 455 1777 fronte
478 1711 668 1796 consistunt,
698 1730 781 1793 quac
811 1716 940 1797 propter
968 1733 1117 1798 magnam
1148 1733 1301 1796 equorum

151 1812 395 1880 concitationem
423 1832 487 1880 non
515 1811 585 1879 sinc
607 1813 673 1880 ullo
702 1812 843 1895 equitum
870 1815 981 1882 labore
1013 1815 1098 1882 effici
1126 1816 1224 1884 solet:
1254 1815 1301 1883 ita

121 1913 303 1981 'exteriori
330 1913 552 1999 spatiosiorem
580 1914 731 1981 circulum
759 1915 1007 1999 percurrendum
1035 1937 1106 1984 esse
1135 1938 1231 2001 quam
1252 1919 1299 1986 in-'

152 2016 260 2083 teriori
282 2015 493 2101 neglegimus,
516 2034 709 2097 quamquam
731 2015 793 2082 hoc
814 2016 983 2085 discrimen
1004 2018 1038 2084 in
1061 2019 1220 2101 equitibus
1242 2021 1298 2087 mi-

152 2135 211 2184 nus
232 2119 343 2185 valere
365 2117 602 2186 concedendum
625 2122 690 2202 est,
718 2139 792 2184 nam
813 2119 923 2202 paullo
948 2127 1022 2205 post
1042 2121 1167 2189 initium
1189 2141 1324 2216 cursus

152 2239 262 2287 omnes
284 2220 426 2287 interiori
454 2221 588 2305 margini
617 2218 828 2288 adhaerentes
856 2220 992 2289 videbis.
1036 2222 1154 2291 Verum
1175 2225 1209 2291 in
1232 2245 1299 2291 cur-

149 2341 243 2389 ruum
257 2322 440 2408 certatione,
459 2324 577 2407 quippe
592 2323 648 2406 qui
662 2330 728 2390 tam
743 2328 811 2391 arte
827 2344 924 2408 quam
940 2323 1063 2406 equites
1077 2326 1160 2394 inter
1174 2347 1210 2395 se
1225 2348 1298 2395 con-

151 2424 256 2492 ferciri
276 2431 446 2511 nequeant,
469 2425 625 2493 eiusmodi
647 2425 784 2511 simplex
806 2426 974 2513 dispositio
996 2426 1197 2510 iniquissima
1219 2436 1297 2498 crat.

150 2530 263 2611 ltaque
279 2527 404 2613 Graeci,
426 2534 462 2593 ut
476 2536 566 2596 erant
581 2528 753 2613 aequitatis
767 2529 800 2596 in
814 2529 978 2598 curriculis
993 2531 1227 2617 studiosissimi,
1250 2533 1298 2599 sie

150 2636 324 2698 certaturos
346 2649 454 2696 currere
477 2631 722 2715 collocaverunt,
745 2635 781 2698 ut
796 2630 945 2699 dextrum
960 2653 1058 2700 cornu
1079 2639 1203 2702 tantum
1225 2657 1297 2722 pro·

149 2734 299 2818 minerct,
328 2738 447 2816 quanto
475 2734 548 2819 plus
576 2732 673 2818 spatii
702 2734 733 2800 ei
754 2732 798 2800 ad
819 2741 938 2802 metam
960 2737 1206 2820 percurrendum
1228 2746 1297 2806 erat

149 2855 246 2919 quam
268 2836 410 2918 sinistro,
432 2835 466 2902 id
488 2835 590 2920 quod,
617 2835 673 2902 ubi
695 2838 794 2904 semel
817 2842 940 2904 tantum
962 2839 1229 2926 circumcurritur,
1251 2841 1297 2907 ibi

148 2939 244 3006 facile
272 2937 340 3004 fieri
370 2940 483 3023 potest.
527 2938 621 3003 Hanc
650 2938 892 3008 collocationem
918 2941 1075 3009 Homerus
1103 2964 1133 3010 v.
1156 2948 1217 3010 358
1246 2942 1297 3010 his

148 3040 255 3109 verbis
277 3037 448 3123 significat:
479 3037 561 3104 στὰν
583 3039 619 3105 δὲ
645 3045 840 3124 μεταστοιχί
866 3041 896 3108 h.
914 3060 941 3109 c.
966 3044 1098 3126 obliqua
1119 3046 1239 3130 fronte,
1262 3050 1297 3112 ut

149 3164 211 3227 quo
241 3143 376 3226 quisque
406 3141 618 3210 dexteriorem
646 3143 816 3211 stationem
837 3145 967 3212 sortitus
996 3153 1095 3232 esset,
1125 3166 1163 3214 co
1193 3149 1296 3233 magis

149 3246 350 3330 promineret.
395 3244 503 3312 Reieio
525 3244 622 3328 igitur
643 3245 831 3313 Doederlini
851 3246 1145 3334 interpretationem
1164 3243 1295 3317 ‘reben-

150 3338 316 3414 einander’
334 3345 491 3430 (Glossar.
507 3348 599 3414 Hom.
615 3347 676 3415 No.
693 3345 800 3430 2050).
837 3349 906 3416 Hco
922 3350 1006 3418 enim
1029 3351 1056 3418 si
1077 3357 1175 3437 poeta
1189 3351 1296 3420 dicere

149 3448 318 3532 voluisset,
349 3447 524 3537 στοιχηδὸν
557 3451 626 3517 sive
654 3447 713 3517 ἐπὶ
746 3447 858 3531 στιχὸς
885 3450 956 3519 sive
988 3447 1163 3538 ὃμόστιχαι
1190 3454 1296 3540 potius

150 3548 296 3619 dixisset:
330 3573 402 3619 cum
433 3573 511 3620 vero
544 3555 762 3637 μετασταιχὶ
795 3553 975 3638 usurpavit,
1008 3576 1072 3622 non
1106 3555 1201 3623 modo
1236 3553 1296 3622 ἐπὶ

150 3655 281 3732 στίχων,
304 3653 474 3722 sedetiam
490 3655 641 3741 deinceps
663 3676 718 3723 eos
739 3657 867 3725 stetisse
882 3657 989 3725 dicere
1004 3658 1115 3741 voluit,
1137 3677 1196 3724 nec
1218 3679 1294 3727 vero

148 3755 203 3839 ita,
226 3760 261 3821 ut
283 3755 475 3825 scholiastae
490 3777 625 3842 cumque
648 3758 694 3826 eis
709 3759 894 3826 Eustathius
917 3760 1145 3846 cogitavemnt.
1183 3761 1296 3846 Neque

149 3989 268 4065 φθάσῃ
285 3990 344 4049 ἐπὶ
360 4011 425 4051 τον
440 3999 636 4067 καμπτῆρα.
664 3989 679 4052 ὃ
693 3995 723 4054 δὲ
736 3995 886 4065 Μενέλαος
897 3991 954 4055 τὸν
963 3990 1180 4070 ἀσφαλέστερον
1191 3993 1295 4070 ἤλαυνε

148 4073 265 4151 δρόμον.
300 4078 423 4148 Namque
439 4085 537 4136 metam
554 4085 669 4151 uterque
686 4081 739 4138 iem
757 4083 903 4154 superavit.
