3096 4766
819 1125 877 1191 III.

509 1273 571 1358 llll
597 1272 893 1358 flffnoonollo
922 1273 1198 1359 etrnltlco

360 1481 410 1547 De
431 1479 644 1564 hippodromo
659 1480 850 1563 Olympiaeo
873 1501 956 1564 quae
977 1481 1180 1548 Godolredus
1195 1481 1447 1550 Hermannus¹l

273 1583 416 1666 speravit
436 1581 505 1648 lore
528 1589 563 1647 ut
583 1583 660 1648 olim
679 1575 831 1664 ‘repetita
851 1603 936 1665 quae
957 1583 999 1650 de
1018 1583 1158 1651 Hercule
1180 1588 1213 1648 et
1227 1585 1345 1666 Augia
1372 1601 1444 1647 nar·

273 1690 362 1750 ratur
383 1683 493 1748 fabula
515 1685 592 1750 limo
614 1690 647 1750 et
669 1703 768 1749 arena
790 1676 1004 1768 liberaretur',
1035 1705 1107 1752 eum
1129 1705 1169 1750 ea
1197 1704 1300 1766 usque
1324 1683 1444 1751 adhue

273 1806 348 1871 spes
375 1787 551 1853 manserint
576 1806 616 1851 ao
643 1805 685 1851 ue
712 1804 787 1868 spes
816 1787 849 1850 in
876 1793 1041 1852 aeternum
1072 1793 1224 1852 maneant
1251 1785 1444 1853 verendum

274 1890 325 1970 sit,
348 1889 464 1953 itemm
485 1889 665 1972 iterumque
694 1907 883 1954 revooamur
904 1887 947 1954 ad
969 1889 1151 1954 Pausaniae
1179 1881 1441 1970 desoriptionsm

274 1991 331 2064 (Vl
353 1993 411 2073 20,
436 1995 475 2055 10
491 1993 583 2072 sqq.).
626 1991 664 2055 ln
686 2009 751 2071 qua
771 1990 966 2071 explicanda
987 1991 1074 2056 viros
1095 1990 1299 2072 antiquarum
1324 2007 1440 2056 rerum

274 2092 434 2160 studiosos
463 2112 659 2176 quamquam
685 2111 745 2175 per
771 2091 836 2158 duo
855 2092 924 2157 iere
945 2092 1043 2158 semis
1068 2093 1198 2157 saecula
1217 2090 1294 2157 iude
1316 2113 1341 2158 a
1366 2090 1438 2156 Sal-

273 2195 396 2271 masiii)
420 2196 523 2278 primo
538 2195 704 2260 eonomine
720 2212 822 2275 usque
837 2191 882 2258 ad
896 2192 1029 2276 Georgii
1044 2192 1241 2260 Lehndorffii
1252 2195 1276 2268 ³)
1291 2192 1438 2260 novissi·

274 2317 364 2362 mum
385 2295 530 2363 nonnihil
551 2297 726 2379 proiecisse
748 2315 842 2361 nemo
864 2295 924 2359 ibit
945 2294 1074 2376 infitias,
1096 2301 1204 2362 tamen
1223 2313 1436 2380 nequaquam

274 2400 318 2465 ad
339 2398 436 2464 finem
449 2399 637 2480 pervenisse
652 2416 720 2462 rem
734 2396 907 2477 diligenter
925 2397 1116 2480 ponderanti
1130 2398 1341 2480 apparebit.⁴)
1381 2395 1435 2462 Illi

274 2501 360 2566 enim
388 2500 577 2580 interpretes
605 2498 652 2561 ita
678 2497 880 2579 potissimum
908 2503 1140 2582 peceaverunt,
1174 2504 1210 2564 ut
1236 2499 1434 2584 Perlegetae

274 2600 383 2666 verbis
411 2617 582 2682 perperam
608 2598 781 2664 intellectis
811 2603 843 2663 et
873 2600 1029 2682 suppletis
1062 2601 1321 2683 explanationem
1359 2600 1433 2667 usui

273 2703 347 2785 plus
370 2702 516 2766 minusve
535 2705 766 2782 repugnantem
781 2700 968 2782 proferrent.
1003 2699 1097 2778 Quae
1112 2703 1194 2768 vitia
1208 2708 1243 2767 ut
1257 2703 1431 2782 evitemus,

274 2802 308 2868 id
323 2802 524 2885 potissimum
541 2801 749 2885 spectandum
762 2809 821 2884 est,
836 2807 871 2867 ut
882 2822 966 2886 quae
977 2803 1155 2869 Pausanias
1167 2802 1200 2868 in
1211 2803 1432 2889 desoriptione

275 2925 333 2972 sua
355 2904 508 2987 omiserit,
530 2912 617 2971 reete
640 2905 838 2986 expleamus.
883 2904 1001 2972 Omisit
1021 2910 1128 2970 autem
1150 2906 1320 2988 permulta,
1343 2923 1432 2991 quae

274 3008 366 3074 nobis
389 3005 432 3071 ad
453 3006 630 3089 perfeotam
652 3005 858 3090 hippodromi
880 3008 1054 3091 imaginem
1068 3007 1265 3091 pingendam
1280 3029 1429 3076 neeessa-

362 3193 386 3255 1)
399 3188 442 3259 De
452 3189 629 3260 hippodromo
643 3189 811 3260 Olympiaoo.
839 3189 949 3260 Lipsiae
961 3189 1213 3246 MDGOOXXXIX.
1226 3207 1253 3261 p.
1264 3195 1279 3246 9
1292 3190 1352 3260 (Op.
1368 3189 1429 3244 Vll.

274 3291 302 3344 p·
313 3277 387 3423 39⁵3}
403 3357 587 3412 Plinianarum
605 3357 828 3414 exercitationum
843 3357 872 3412 in
890 3357 976 3412 Solini
993 3357 1165 3426 Polyhistora
1181 3375 1210 3428 p.
1224 3363 1283 3415 915.
1302 3360 1389 3414 Paris.
1403 3373 1427 3412 a.

275 3440 613 3593 MDC{txffippodromos
640 3525 751 3595 Einiges
768 3530 837 3583 uber
853 3525 952 3580 Plerde
970 3524 1026 3581 und
1044 3524 1158 3580 Ranuen
1172 3526 1211 3580 im
1226 3527 1327 3595 grieeh.
1338 3528 1427 3582 Alter·

274 3612 360 3666 thum.
399 3609 490 3663 Berlin
504 3613 578 3666 1876.
1069 3629 1070 3634 ι

360 3699 387 3762 l)
404 3693 559 3763 Leopoldus
583 3692 674 3748 Julius
696 3693 725 3748 in
748 3694 927 3750 Baumeisteri
950 3693 1132 3765 Monumeutis
1157 3698 1223 3750 1885
1241 3713 1263 3752 s.
1282 3714 1306 3752 v.
1324 3698 1426 3768 flippo·
1517 3717 1518 3726 2

275 3779 400 3834 drommr
419 3773 601 3845 ‘Nouendings
624 3778 672 3834 hat
688 3779 781 3835 Koner
802 3779 852 3834 aul
869 3770 1024 3846 Grundlag'e
1047 3776 1096 3832 der
1113 3780 1358 3850 Untersuehungen
1379 3783 1425 3836 des

276 3863 380 3918 Grafeu
396 3863 546 3918 Lehudorli
561 3862 620 3917 eine
638 3862 790 3917 bedentend
808 3862 998 3919 abueiehende
1009 3862 1238 3919 Reconstruetion
1255 3865 1304 3920 des
1322 3866 1424 3936 Hippo·

276 3948 367 4002 droms
385 3963 420 4001 nu
438 3947 562 4017 Olympia
579 3948 714 4011 veraueht,
732 3948 862 4002 uelehe
878 3952 971 4001 trotn
988 3947 1164 4003 manahem
1180 3951 1423 4020 nnspreonen-
1515 3975 1516 3981 ι

276 4032 348 4087 dem
365 4047 438 4086 num
456 4031 530 4086 Teil
548 4033 783 4099 hegrtlndeten
800 4031 963 4087 Zueileln
982 4026 1189 4102 unterliegt.'
