3088 4774
257 287 299 346 86
662 283 694 336 Β.
720 282 771 337 DE
790 279 1009 336 TARAXIPPO.

258 458 425 540 concitati,
453 463 618 540 tamquam
646 455 739 522 vanis
768 454 947 521 simulacris
977 471 1129 535 magnum
1156 469 1320 534 pavorem
1342 447 1417 512 inici

258 560 402 644 potuisse
424 557 504 624 mibi
535 576 663 641 quoque
685 557 883 623 simillimum
905 561 954 621 est
975 554 1056 620 veri.
1101 552 1200 619 Dices
1228 571 1338 635 equos
1361 549 1421 614 hoo

258 667 391 745 aspectu
412 661 579 743 paullatim
602 656 767 726 assuefieri
789 659 941 741 potuisse.
981 658 1026 722 At
1046 661 1173 722 veteres
1196 672 1338 721 causam
1359 670 1421 716 uon

258 761 464 848 perspexisse
491 761 670 827 Pausanias
698 760 788 826 testis
817 766 866 825 est
892 749 990 836 („‹irr’
1021 749 1179 838 οὐδεμιᾶς
1208 750 1423 840 προφάσεως

259 859 449 950 φαοερᾶς“),
472 881 533 928 uec
554 868 725 945 potnerunt
747 880 847 943 equos
868 861 952 927 bene
973 860 1185 940 assuefacere,
1209 857 1348 923 etiamsi
1371 874 1425 920 vo-

259 967 404 1048 luissent,
427 963 505 1047 qnia
526 965 560 1028 in
581 964 716 1045 privatis
739 963 914 1047 curriculis,
937 962 993 1027 ubi
1008 980 1109 1044 equos
1124 960 1340 1042 exercebant,
1364 975 1426 1022 non

260 1074 322 1149 tot,
352 1072 431 1150 quot
452 1063 640 1149 Olympiae,
671 1065 852 1130 certabant:
880 1064 1058 1146 augebatur
1080 1067 1188 1127 autom
1217 1059 1426 1144 perturbatio

260 1188 414 1252 equorum
427 1167 520 1231 varia
530 1166 713 1231 umbrarum
725 1164 940 1232 multitudine.
974 1163 1123 1230 Oeterum
1138 1163 1271 1230 isaacus
1284 1159 1427 1228 Tzetucs

260 1273 294 1336 in
317 1269 440 1337 scholio
462 1267 505 1332 ad
528 1265 748 1350 Lycophronis
770 1267 978 1333 Alexandrae
1000 1288 1031 1332 v.
1048 1268 1100 1348 42,
1123 1264 1210 1348 quod
1233 1266 1325 1331 infra
1349 1261 1427 1328 affe·

260 1392 345 1454 ram,
377 1368 598 1450 Taraxippum
619 1368 764 1455 πλησίον
786 1369 846 1432 τοῦ
866 1367 1062 1454 καμπτῆρος
1085 1369 1181 1433 situm
1203 1367 1309 1452 fuisse
1335 1365 1427 1445 dicit,

260 1494 325 1540 non
346 1472 445 1555 igitur
467 1470 500 1533 iu
523 1469 595 1552 ipsa
609 1469 814 1553 hippodromi
837 1476 1016 1535 curvatura.

345 1572 521 1638 Videamus
542 1591 636 1654 nunc,
660 1591 744 1654 quae
766 1572 823 1637 alii
845 1570 886 1636 de
911 1569 972 1636 hac
1001 1591 1037 1637 re
1059 1572 1226 1637 senserint.
1272 1569 1426 1634 Praeter-

1519 873 1521 948 t

260 1676 352 1740 mitto
376 1673 587 1751 Delabarrii¹)
610 1693 690 1757 quas
711 1672 870 1739 Follardii
892 1673 1009 1754 equitis
1031 1673 1147 1755 puerili
1169 1671 1425 1738 adumbratione
1520 1643 1521 1712 Ῐ

260 1778 349 1843 nisus
370 1777 504 1859 protulit
526 1777 678 1859 ineptias,
702 1793 895 1858 quamquam
919 1773 1005 1856 quod
1027 1775 1184 1839 rationem
1205 1774 1297 1838 illius
1321 1779 1426 1838 terro·

146 1907 149 1916 ·
261 1879 305 1944 ris
328 1897 482 1960 quaerere
505 1878 636 1960 studuit,
659 1875 840 1941 laudandus
863 1881 921 1941 est.
955 1874 1027 1941 Hoc
1040 1875 1097 1940 alii
1115 1894 1244 1958 quoquo
1259 1875 1327 1940 viri
1352 1891 1424 1954 gra·

261 1982 361 2046 vioris
382 1982 465 2047 alias
487 1980 599 2045 iudicii
620 1978 780 2059 fecerunt,
804 1975 862 2042 sed
885 1996 958 2042 cum
980 1976 1095 2042 falsam
1117 1978 1277 2042 rationem
1301 1993 1423 2057 suppo·

260 2089 383 2164 nerent,
406 2083 503 2148 etiam
526 2081 660 2147 deloco
684 2077 853 2144 statuendo
875 2078 909 2142 in
932 2097 1055 2144 errores
1077 2076 1211 2143 adducti
1233 2083 1317 2144 sunt.
1356 2074 1422 2140 Me·

261 2204 368 2251 mores
391 2185 476 2251 enim
498 2202 608 2249 eorum
630 2179 717 2264 apud
739 2180 911 2261 scriptores
939 2179 1099 2261 locorum,
1130 2179 1186 2261 qui
1209 2178 1251 2244 de
1273 2175 1424 2261 periculo

262 2290 383 2351 metam
404 2284 629 2351 ambeuntibus
651 2282 829 2347 imminenti
851 2286 933 2361 sunt,
957 2287 989 2346 et
1009 2275 1094 2343 κατὰ
1115 2276 1176 2366 τὴν
1200 2277 1355 2355 διέξοδον
1379 2279 1425 2342 ita

263 2386 473 2468 interpretati,
495 2393 532 2450 ut
553 2386 609 2450 sit:
632 2384 805 2449 adversum
828 2384 959 2465 exitum,
983 2381 1125 2466 quidam,
1148 2383 1343 2466 inquorum
1366 2398 1422 2445 nu·
1519 2389 1520 2468 j

263 2504 352 2550 mero
367 2484 592 2551 Lehndorffius
610 2488 653 2568 (p.
670 2486 733 2565 35),
756 2483 978 2565 Taraxippum
999 2485 1032 2548 in
1054 2485 1126 2566 ipsa
1148 2485 1309 2550 exteriore
1333 2486 1423 2548 meta

264 2587 519 2668 collocaverunt,
548 2585 618 2667 vel,
646 2592 682 2651 ut
703 2584 902 2666 Viscontius,
932 2585 1023 2650 iuxta
1052 2587 1179 2668 spinam
1207 2585 1318 2668 paullo
1347 2589 1421 2650 ante

263 2694 397 2767 metam,
421 2684 455 2750 id
478 2684 565 2767 quod
587 2686 641 2751 vel
663 2684 738 2751 ideo
759 2684 934 2751 absurdum
952 2693 1010 2768 est,
1033 2688 1110 2769 quia
1130 2707 1240 2753 currus
1262 2687 1306 2752 ad
1329 2704 1422 2752 aram

265 2789 467 2855 collisissent.
512 2786 647 2869 Verum,
676 2787 763 2869 quod
784 2787 1010 2856 Lehndorffius
1033 2789 1164 2872 quidem
1185 2788 1352 2871 concedit,
1383 2805 1421 2852 ca

269 2925 472 2937 ——.-—.-

321 3031 325 3040 ·
353 3011 378 3073 1)
395 3005 513 3060 Histoire
525 3004 558 3059 de
570 3005 665 3058 l'aoad.
677 3020 734 3074 roy.
752 3004 801 3059 des
818 3004 900 3058 inscr.
919 3011 947 3058 et
964 3005 1027 3061 bell.
1044 3007 1118 3061 lettr.
1137 3020 1202 3060 avec
1219 3006 1259 3060 les
1276 3003 1420 3061 mdrnoircs

264 3093 299 3148 de
315 3089 468 3146 litterature
478 3089 545 3144 tirez
559 3089 605 3144 des
618 3090 746 3157 registres
759 3090 792 3143 de
805 3093 875 3144 cette
886 3089 963 3146 acad.
982 3090 1078 3159 depuis
1096 3087 1202 3144 l'anute
1214 3086 1421 3144 Mbcoxxxt

263 3179 376 3248 jusques
399 3180 428 3231 et
445 3174 561 3243 compris
585 3173 692 3230 l'annde
708 3173 948 3230 mmccxxxm.
967 3173 1051 3230 Tome
1061 3175 1110 3230 IX.
1129 3174 1207 3230 Paris
1221 3178 1296 3230 1736.
1315 3193 1342 3246 p.
1357 3177 1419 3230 376:

261 3260 455 3317 ‘Dissertation
473 3275 521 3314 sur
536 3261 577 3314 les
594 3258 690 3314 Places
708 3258 842 3314 destinocs
860 3275 915 3316 aux
932 3260 1004 3315 Jeux
1021 3260 1128 3330 publios
1145 3261 1213 3315 dans
1231 3261 1259 3314 la
1278 3260 1376 3330 (ireos,
1393 3265 1420 3313 et

265 3362 313 3402 sur
328 3347 368 3400 les
386 3345 504 3400 Courses
522 3343 603 3412 qu’on
623 3342 716 3398 iaisoit
736 3344 805 3398 daus
828 3359 874 3399 ces
891 3337 1000 3400 Places'
1018 3361 1069 3414 par
1086 3346 1124 3399 M.
1143 3345 1177 3399 de
1193 3347 1221 3400 la
1238 3346 1325 3400 Barrc
1345 3347 1419 3399 1732.

158 3483 160 3488 ,
264 3448 292 3501 p.
305 3435 370 3486 386:
389 3425 514 3485 ‘O’estoit
536 3427 611 3482 aussi
634 3429 651 3481 b
673 3429 701 3481 la
724 3428 808 3482 sortis
824 3429 858 3482 de
880 3431 909 3483 la
926 3426 1047 3484 barriere
1065 3431 1099 3486 de
1121 3430 1319 3500 l'bipp'odromc
1337 3430 1419 3498 qu’ou
1518 3477 1519 3496 ,

264 3517 356 3587 royoit
372 3531 408 3570 un
427 3515 583 3568 monument
600 3513 698 3580 auquel
716 3525 769 3566 une
790 3513 855 3567 folle
872 3513 1048 3581 superstition
1071 3515 1214 3570 attribuoit
1236 3515 1264 3568 la
1281 3511 1419 3584 propritte

266 3598 299 3654 de
316 3599 438 3654 troubler
455 3599 494 3653 ies
512 3598 674 3663 chevaux¹);
692 3596 802 3650 ailleurs
819 3597 853 3651 ils
872 3597 996 3651 auroient
1007 3598 1089 3651 cause
1101 3599 1135 3653 do
1146 3600 1255 3656 furieux
1267 3599 1417 3654 desordrcs.

351 3687 377 3749 a)
395 3682 432 3737 Oe
450 3683 557 3738 trouble
579 3685 652 3736 auoit
668 3695 722 3736 une
740 3697 822 3736 cause
840 3680 985 3747 naturelle3
1007 3679 1028 3733 il
1045 3682 1091 3735 eut
1109 3687 1166 3738 este
1189 3684 1299 3739 difficile
1316 3698 1370 3752 que
1387 3683 1418 3737 de

265 3767 329 3821 flers
354 3765 488 3821 coursiers
511 3782 545 3821 ue
569 3767 742 3834 s'agitassent
764 3780 816 3835 pas
833 3780 867 3820 en
884 3767 999 3832 pussant
1014 3764 1048 3819 de
1066 3766 1178 3823 dessous
1196 3769 1245 3824 des
1263 3769 1375 3824 remises
1392 3771 1419 3824 et

266 3851 347 3905 d'une
364 3858 443 3905 court
461 3851 571 3919 etroite,
595 3853 663 3906 dans
681 3868 719 3906 un
736 3851 791 3905 lieu
808 3848 951 3918 spacieux,
974 3851 1010 3902 ob
1032 3849 1060 3904 la
1082 3853 1132 3906 vde
1157 3854 1190 3907 ds
1214 3869 1246 3908 ce
1263 3859 1418 3909 monument

266 3931 340 4002 erige
359 3949 392 3990 en
409 3935 470 3988 face
488 3935 520 3989 de
538 3937 565 3990 la
581 3941 667 4005 porte,
685 3936 724 3990 les
736 3933 857 4004 frappoit
868 3932 989 4000 d'abord,
1008 3938 1035 3988 et
1052 3935 1120 3991 daus
1137 3938 1225 4006 lequel
1242 3954 1279 3994 on
1295 3939 1335 3994 les
1354 3954 1415 3994 con-

266 4020 395 4088 traignoit
411 4018 444 4072 de
462 4018 607 4074 detourner
625 4035 673 4074 sur
689 4021 729 4075 les
747 4009 841 4074 cetea?
