3096 4766
242 276 280 334 12
521 277 553 328 A.
581 277 632 330 DE
649 275 889 332 HIPPODROMO
906 275 1107 332 HOMERIGO.

325 448 427 515 Multa
441 449 500 516 sed
521 450 602 516 mira
623 468 740 530 magna
761 456 908 533 exparte
930 449 971 516 de
992 449 1203 535 hippodromo
1219 446 1396 512 Homerico

241 550 418 635 disputavit
445 551 654 618 Delabarrius
667 552 705 637 ¹):
731 553 811 618 nihil
840 572 916 618 vero
945 552 1012 619 fere
1039 552 1150 617 mirius
1178 570 1274 633 quam
1302 547 1396 631 quod

240 673 340 738 prope
362 658 481 720 metam
502 675 566 721 non
587 653 749 721 Homerici
771 655 884 737 solum,
906 674 1017 720 verum
1039 653 1180 721 omnium
1196 651 1395 717 Graecorum

240 753 522 840 hippodromorum
550 757 655 822 locum
682 756 914 841 depressiorem
936 776 994 841 pro
1022 755 1250 840 impedimento
1280 752 1319 818 de
1342 753 1393 818 in-

242 857 363 924 dustria
377 859 461 923 facto
477 857 576 923 fuisse
591 857 677 924 dicit.
715 858 860 940 Longum
882 864 931 924 est
946 877 1056 925 omnes
1078 857 1146 923 eius
1162 854 1393 922 hariolationes

241 959 403 1025 refellere:
426 959 488 1026 hoc
509 964 626 1042 autem,
650 959 735 1041 quod
758 980 800 1027 ex
822 967 890 1026 tota
911 959 1071 1043 farragine
1093 956 1252 1042 prompsi,
1274 956 1393 1022 leviter

242 1069 383 1145 tangam.
428 1062 501 1128 Duo
524 1061 608 1127 enim
631 1061 775 1143 neglexit
797 1060 847 1128 vir
868 1060 992 1128 doctus:
1022 1061 1128 1127 locum
1149 1061 1239 1125 illum
1261 1058 1389 1142 depres-

241 1163 358 1229 siorem
380 1183 484 1246 neque
507 1162 548 1228 dc
569 1163 740 1244 industria,
767 1163 824 1229 sed
845 1169 960 1229 natura
986 1162 1248 1247 impedimentum
1270 1160 1391 1225 factum

239 1266 323 1332 forte
344 1264 389 1330 ibi
411 1283 515 1346 neque
537 1285 638 1349 prope
659 1273 795 1349 metam,
823 1264 883 1331 sed
909 1285 1008 1349 prope
1031 1266 1152 1331 calcem
1174 1263 1272 1330 totius
1293 1261 1388 1328 curri-

241 1366 305 1433 culi
332 1367 428 1433 situm
451 1385 538 1451 esse;
567 1388 641 1433 nam
671 1386 880 1449 quaecunque
901 1389 922 1432 a
944 1387 1037 1434 versu
1060 1371 1121 1433 373
1143 1371 1326 1446 narrantur,
1355 1365 1389 1429 in

239 1468 303 1535 fine
325 1488 435 1536 cursus
457 1469 615 1536 eveniunt.
653 1470 753 1534 Immo
776 1489 827 1535 res
849 1469 896 1535 ita
917 1469 1023 1535 animo
1046 1467 1219 1552 cogitanda
1241 1473 1298 1533 est.
1332 1466 1389 1532 Se-

196 1659 198 1664 ,
241 1569 378 1638 cundum
407 1570 569 1637 sinistrum
597 1571 773 1655 marginem
801 1571 898 1638 totius
926 1571 1128 1656 hipprodomi
1157 1590 1238 1636 unus
1262 1590 1302 1634 ex
1323 1569 1389 1633 illis

241 1673 434 1740 torrentibus
455 1671 534 1756 fluit,
557 1674 668 1755 quales
689 1673 722 1740 in
744 1673 810 1739 illis
831 1663 1015 1757 regionibus
1033 1680 1163 1757 repente
1177 1673 1239 1738 orti
1259 1677 1391 1756 repente

241 1774 358 1858 dilapsi
387 1775 479 1842 multi
508 1776 636 1842 obviam
658 1775 746 1843 finnt.
790 1778 852 1844 Hic
880 1786 1018 1859 torrens,
1047 1775 1102 1858 qui
1132 1775 1260 1842 disertis
1282 1773 1391 1841 verbis

241 1877 364 1944 scilicet
385 1883 514 1962 propter
529 1879 732 1947 crebritatem
747 1879 794 1946 rei
808 1900 872 1945 non
892 1884 1166 1961 commemoratur,
1190 1877 1291 1962 primo
1313 1895 1391 1943 vere

241 1983 462 2046 extumescens
491 1980 548 2046 illo
578 1981 648 2048 loco
676 1983 777 2068 ripam
808 1983 923 2050 avellit
949 1984 1078 2063 lateque
1106 1980 1292 2062 excavavit,
1327 1997 1390 2062 quo

241 2079 373 2170 ῥωγμὸς
396 2082 466 2164 (cfr.
488 2084 587 2151 schol.
610 2084 688 2151 Ven.
711 2086 741 2150 A
762 2107 793 2152 v.
818 2085 892 2169 420)
914 2085 984 2151 sive
1006 2081 1159 2170 ἔκρηγμα,
1183 2081 1269 2163 quod
1291 2080 1389 2146 Grae·

241 2187 304 2252 culi
331 2191 449 2253 vocant
475 2183 603 2270 (Polyb.
626 2187 764 2270 xllrr,
787 2194 816 2253 5.
847 2191 898 2268 20,
922 2187 965 2269 4),
988 2193 1091 2253 ortum
1115 2193 1163 2253 est
1183 2184 1228 2267 (v.
1251 2186 1390 2264 420sq.:

241 2285 372 2375 ῥωχμὸς
401 2285 456 2374 ἐἠν
477 2291 587 2372 γαίης,
616 2279 639 2374 ᾗ
664 2293 832 2370 χειμέριον
862 2281 938 2355 ἀλὲν
960 2281 1049 2370 ὕδωρ
1069 2289 1073 2371 Ι
1094 2285 1262 2375 ἐξέρρηξεν
1285 2281 1390 2366 ὁδοῖο,

238 2392 369 2474 passos
397 2387 434 2452 δὲ
460 2387 568 2472 χιῦρον
596 2387 754 2472 ἅπαντα).
799 2389 902 2467 Quam
931 2390 1173 2457 excavationem
1201 2391 1234 2454 in
1263 2390 1391 2454 laevam

240 2489 444 2575 hippodromi
477 2509 608 2556 arenam
644 2491 873 2574 prominentem
910 2492 1041 2573 eiusque
1075 2491 1162 2558 viam
1195 2497 1391 2558 coartantem

241 2593 285 2673 (v.
309 2596 387 2657 416:
421 2596 598 2678 στεινωπῷ
627 2590 662 2659 ἐν
695 2587 775 2678 ὁδῷ.
825 2615 855 2660 v.
887 2597 963 2659 419:
997 2605 1124 2670 στεῖνος
1156 2587 1237 2658 ὁδοῦ
1269 2592 1390 2680 κοιλῆς.

242 2715 272 2784 ν.
296 2699 373 2760 427:
406 2692 593 2772 στεινωπὸς
624 2693 687 2780 γὰρ
721 2692 826 2779 ὁδός),
860 2697 915 2778 qui
942 2716 1005 2763 non
1033 2696 1216 2762 circuitione
1245 2715 1320 2760 usus
1347 2693 1391 2758 ad

242 2797 370 2863 laevam
392 2796 446 2863 via
468 2798 623 2866 excedere
644 2801 723 2883 vult,
745 2818 848 2885 paene
867 2807 938 2866 rota
960 2807 1090 2882 tangere
1112 2799 1218 2866 debet.
1256 2797 1294 2863 ld
1315 2797 1392 2863 fecit

241 2898 405 2966 Menelaus
428 2897 473 2984 (v.
489 2904 566 2967 422:
589 2905 630 2989 τῇ
652 2893 685 2987 ῥ’
712 2897 795 2983 εἶχεν
817 2901 1006 2984 Μενέλαος)
1030 2900 1190 2967 Antilochi
1213 2898 1391 2982 commodo,

242 3001 297 3083 qui
319 3020 392 3067 eum
413 3002 578 3087 proximus
600 3006 751 3087 sequitur.
788 3004 849 3072 Hic
865 3006 959 3089 enim,
982 3005 1128 3072 dumille
1149 3004 1192 3068 ad
1215 3002 1389 3086 marginem

241 3125 353 3172 versus
375 3124 533 3172 cavernae
555 3126 680 3174 currum
702 3107 799 3190 regit,
829 3126 928 3189 equos
950 3127 1024 3174 suos
1050 3107 1093 3172 ad
1116 3105 1301 3173 celeriorem
1323 3122 1390 3169 cur-

241 3226 312 3274 sum
334 3206 520 3274 exhortatur
541 3215 639 3291 atque
655 3209 791 3276 concitat
806 3208 850 3293 (v.
867 3209 1039 3292 402—16),
1062 3227 1160 3290 quare
1174 3207 1205 3274 ei
1226 3204 1390 3288 contingit,

241 3317 277 3375 ut
303 3311 447 3395 paullum
475 3308 519 3376 ad
546 3312 673 3378 laevam
700 3308 741 3376 de
762 3311 816 3378 via
837 3310 968 3378 flectens
990 3310 1033 3394 (v.
1050 3315 1110 3374 423
1123 3308 1186 3394 sq.)
1210 3310 1389 3374 Menelaum

242 3433 263 3479 a
284 3413 379 3480 laeva
400 3419 638 3496 praetervectus
660 3414 693 3479 in
714 3413 871 3496 angustiis
900 3411 1110 3495 assequendis
1131 3409 1389 3497 praeoccupet2).

329 3619 353 3682 1)
370 3614 514 3669 Memoires
531 3613 565 3668 de
581 3614 749 3682 litterature,
772 3616 838 3669 tirez
857 3615 904 3670 des
922 3613 1049 3682 registres
1073 3613 1107 3667 dc
1123 3610 1281 3688 liccademie
1298 3614 1390 3682 ruyale

243 3699 289 3754 des
311 3698 486 3767 inscriptions
513 3703 541 3752 ct
567 3699 650 3754 belles
672 3699 765 3754 lettres
791 3699 886 3769 depuis
910 3697 1017 3752 l'annee
1040 3697 1241 3752 nocuum
1262 3699 1389 3768 jusqu’en

241 3782 349 3841 l'annee
366 3783 597 3839 mucronum
614 3800 642 3852 p.
661 3788 773 3854 360sqq.
809 3785 936 3850 (Histoire
957 3783 991 3838 de
1006 3781 1103 3837 l’acad.
1121 3798 1177 3852 roy.
1197 3783 1243 3838 des
1261 3785 1344 3840 inscr.
1364 3790 1389 3838 et

242 3870 305 3926 bell.
324 3871 396 3925 lettr.
415 3873 487 3924 tome
505 3868 554 3924 IX.
573 3869 650 3925 Paris
668 3871 916 3935 Muccxxxvut

329 3959 354 4024 2)
371 3956 462 4012 Schol.
481 3956 549 4013 Ven.
568 3955 591 4009 B
609 3960 671 4010 420:
695 3955 727 4014 ἐν
751 3962 826 4036 δεξιᾷ
847 3956 994 4022 Μενέλαος
1015 3954 1135 4026 ἤλαυνεν
1153 3955 1251 4010 falsum
1274 3961 1316 4010 est
1339 3954 1390 4009 nisi

241 4040 406 4110 intellegitur
422 4037 455 4096 ἐν
472 4045 547 4115 δεξιᾷ
566 4045 618 4098 τοῦ
635 4034 800 4108 Ἀντιλόχου.
