<?xml version="1.0" encoding="UTF-8"?>
<!DOCTYPE html PUBLIC "-//W3C//DTD XHTML 1.0 Transitional//EN"
    "http://www.w3.org/TR/xhtml1/DTD/xhtml1-transitional.dtd">
<html xmlns="http://www.w3.org/1999/xhtml" xml:lang="en" lang="en">
 <head>
  <title>
</title>
<meta http-equiv="Content-Type" content="text/html;charset=utf-8" />
  <meta name='ocr-system' content='tesseract 3.04.00' />
  <meta name='ocr-capabilities' content='ocr_page ocr_carea ocr_par ocr_line ocrx_word'/>
</head>
<body>
  <div class='ocr_page' id='page_1' title='image "./hippodromica01pollgoog_0113.png"; bbox 0 0 3088 4774; ppageno 0'>
   <div class='ocr_carea' id='block_1_1' title="bbox 459 1161 1092 1398">
    <p class='ocr_par' dir='ltr' id='par_1_1' title="bbox 459 1161 1092 1398">
     <span class='ocr_line' id='line_1_1' title="bbox 757 1161 792 1228; baseline -0.029 0"><span class='ocrx_word' id='word_1_1' title='bbox 757 1161 792 1228; x_wconf 73' lang='grc' dir='ltr'>(ί.</span> 
     </span>
     <span class='ocr_line' id='line_1_2' title="bbox 459 1309 1092 1398; baseline 0.005 -4"><span class='ocrx_word' id='word_1_2' title='bbox 459 1309 520 1394; x_wconf 79' lang='lat' dir='ltr'>ob</span> <span class='ocrx_word' id='word_1_3' title='bbox 546 1310 783 1395; x_wconf 78' lang='lat' dir='ltr'><strong>MENSURIS</strong></span> <span class='ocrx_word' id='word_1_4' title='bbox 812 1312 1092 1398; x_wconf 76' lang='lat' dir='ltr'><strong>QUIBUSDAM.</strong></span> 
     </span>
    </p>
   </div>
   <div class='ocr_carea' id='block_1_2' title="bbox 192 1513 1348 2109">
    <p class='ocr_par' dir='ltr' id='par_1_2' title="bbox 192 1513 1348 1987">
     <span class='ocr_line' id='line_1_3' title="bbox 278 1513 1347 1602; baseline 0.007 -24"><span class='ocrx_word' id='word_1_5' title='bbox 278 1513 363 1582; x_wconf 87' lang='lat' dir='ltr'>Nolo</span> <span class='ocrx_word' id='word_1_6' title='bbox 378 1516 440 1584; x_wconf 90' lang='lat' dir='ltr'>hoc</span> <span class='ocrx_word' id='word_1_7' title='bbox 455 1518 597 1601; x_wconf 89' lang='lat' dir='ltr'>capitulo</span> <span class='ocrx_word' id='word_1_8' title='bbox 613 1517 777 1584; x_wconf 88' lang='lat' dir='ltr'>difficilem</span> <span class='ocrx_word' id='word_1_9' title='bbox 792 1518 834 1584; x_wconf 91' lang='lat' dir='ltr'>de</span> <span class='ocrx_word' id='word_1_10' title='bbox 857 1519 1013 1585; x_wconf 81' lang='lat' dir='ltr'>mensuris</span> <span class='ocrx_word' id='word_1_11' title='bbox 1032 1517 1235 1602; x_wconf 87' lang='lat' dir='ltr'>hippodromi</span> <span class='ocrx_word' id='word_1_12' title='bbox 1251 1539 1347 1602; x_wconf 91' lang='lat' dir='ltr'>quae·</span> 
     </span>
     <span class='ocr_line' id='line_1_4' title="bbox 193 1615 1346 1704; baseline 0.006 -24"><span class='ocrx_word' id='word_1_13' title='bbox 193 1615 329 1682; x_wconf 83' lang='lat' dir='ltr'>ationem</span> <span class='ocrx_word' id='word_1_14' title='bbox 352 1618 494 1686; x_wconf 84' lang='lat' dir='ltr'>funditus</span> <span class='ocrx_word' id='word_1_15' title='bbox 516 1626 705 1704; x_wconf 89' lang='lat' dir='ltr'>retractare,</span> <span class='ocrx_word' id='word_1_16' title='bbox 729 1619 961 1703; x_wconf 89' lang='lat' dir='ltr'>sedquoniam</span> <span class='ocrx_word' id='word_1_17' title='bbox 984 1619 1211 1704; x_wconf 77' lang='lat' dir='ltr'>Olympiacam</span> <span class='ocrx_word' id='word_1_18' title='bbox 1234 1619 1346 1704; x_wconf 92' lang='lat' dir='ltr'>hippo·</span> 
     </span>
     <span class='ocr_line' id='line_1_5' title="bbox 192 1716 1347 1807; baseline 0.007 -26"><span class='ocrx_word' id='word_1_19' title='bbox 192 1716 349 1805; x_wconf 92' lang='lat' dir='ltr'>dromum,</span> <span class='ocrx_word' id='word_1_20' title='bbox 373 1721 502 1803; x_wconf 90' lang='lat' dir='ltr'>qualem</span> <span class='ocrx_word' id='word_1_21' title='bbox 517 1722 624 1786; x_wconf 90' lang='lat' dir='ltr'>animo</span> <span class='ocrx_word' id='word_1_22' title='bbox 639 1720 718 1786; x_wconf 92' lang='lat' dir='ltr'>mihi</span> <span class='ocrx_word' id='word_1_23' title='bbox 734 1720 830 1807; x_wconf 84' lang='lat' dir='ltr'>fingo,</span> <span class='ocrx_word' id='word_1_24' title='bbox 854 1723 886 1787; x_wconf 91' lang='lat' dir='ltr'>in</span> <span class='ocrx_word' id='word_1_25' title='bbox 909 1722 1020 1788; x_wconf 90' lang='lat' dir='ltr'>tabula</span> <span class='ocrx_word' id='word_1_26' title='bbox 1035 1721 1199 1788; x_wconf 79' lang='lat' dir='ltr'>delineare</span> <span class='ocrx_word' id='word_1_27' title='bbox 1215 1729 1347 1790; x_wconf 88' lang='lat' dir='ltr'>conatus</span> 
     </span>
     <span class='ocr_line' id='line_1_6' title="bbox 192 1820 1348 1907; baseline 0.007 -25"><span class='ocrx_word' id='word_1_28' title='bbox 192 1837 272 1902; x_wconf 88' lang='lat' dir='ltr'>sum,</span> <span class='ocrx_word' id='word_1_29' title='bbox 287 1820 329 1885; x_wconf 93' lang='lat' dir='ltr'>de</span> <span class='ocrx_word' id='word_1_30' title='bbox 345 1822 512 1904; x_wconf 84' lang='lat' dir='ltr'>mensuris,</span> <span class='ocrx_word' id='word_1_31' title='bbox 529 1823 644 1904; x_wconf 89' lang='lat' dir='ltr'>quibus</span> <span class='ocrx_word' id='word_1_32' title='bbox 659 1823 693 1887; x_wconf 93' lang='lat' dir='ltr'>in</span> <span class='ocrx_word' id='word_1_33' title='bbox 708 1822 770 1889; x_wconf 91' lang='lat' dir='ltr'>bac</span> <span class='ocrx_word' id='word_1_34' title='bbox 784 1825 892 1906; x_wconf 90' lang='lat' dir='ltr'>specie</span> <span class='ocrx_word' id='word_1_35' title='bbox 907 1843 983 1889; x_wconf 90' lang='lat' dir='ltr'>usus</span> <span class='ocrx_word' id='word_1_36' title='bbox 995 1843 1074 1905; x_wconf 92' lang='lat' dir='ltr'>sum,</span> <span class='ocrx_word' id='word_1_37' title='bbox 1089 1843 1194 1907; x_wconf 87' lang='lat' dir='ltr'>pauca</span> <span class='ocrx_word' id='word_1_38' title='bbox 1208 1823 1348 1891; x_wconf 90' lang='lat' dir='ltr'>dicenda</span> 
     </span>
     <span class='ocr_line' id='line_1_7' title="bbox 192 1922 338 1987; baseline 0.014 -2"><span class='ocrx_word' id='word_1_39' title='bbox 192 1922 338 1987; x_wconf 85' lang='lat' dir='ltr'>arbitror.</span> 
     </span>
    </p>

    <p class='ocr_par' dir='ltr' id='par_1_3' title="bbox 276 2024 1347 2109">
     <span class='ocr_line' id='line_1_8' title="bbox 276 2024 1347 2109; baseline 0.003 -20"><span class='ocrx_word' id='word_1_40' title='bbox 276 2024 325 2091; x_wconf 84' lang='lat' dir='ltr'>Ae</span> <span class='ocrx_word' id='word_1_41' title='bbox 346 2025 649 2108; x_wconf 84' lang='lat' dir='ltr'>longitudinem</span> <span class='ocrx_word' id='word_1_42' title='bbox 665 2024 796 2109; x_wconf 90' lang='lat' dir='ltr'>quidem</span> <span class='ocrx_word' id='word_1_43' title='bbox 812 2027 925 2109; x_wconf 91' lang='lat' dir='ltr'>spinae</span> <span class='ocrx_word' id='word_1_44' title='bbox 941 2025 1076 2091; x_wconf 91' lang='lat' dir='ltr'>duorum</span> <span class='ocrx_word' id='word_1_45' title='bbox 1092 2025 1268 2092; x_wconf 89' lang='lat' dir='ltr'>stadiorum</span> <span class='ocrx_word' id='word_1_46' title='bbox 1283 2027 1347 2092; x_wconf 86' lang='lat' dir='ltr'>feci</span> 
     </span>
    </p>
   </div>
   <div class='ocr_carea' id='block_1_3' title="bbox 189 2119 1346 2417">
    <p class='ocr_par' dir='ltr' id='par_1_4' title="bbox 189 2119 1346 2417">
     <span class='ocr_line' id='line_1_9' title="bbox 190 2119 1346 2209; baseline 0.005 -19"><span class='ocrx_word' id='word_1_47' title='bbox 190 2124 247 2208; x_wconf 83' lang='lat'>(=</span> <span class='ocrx_word' id='word_1_48' title='bbox 263 2129 324 2191; x_wconf 80' lang='lat'>370</span> <span class='ocrx_word' id='word_1_49' title='bbox 340 2131 392 2204; x_wconf 90' lang='lat' dir='ltr'>m).</span> <span class='ocrx_word' id='word_1_50' title='bbox 436 2126 638 2193; x_wconf 88' lang='lat' dir='ltr'>Pedestrium</span> <span class='ocrx_word' id='word_1_51' title='bbox 661 2129 746 2193; x_wconf 91' lang='lat' dir='ltr'>enim</span> <span class='ocrx_word' id='word_1_52' title='bbox 769 2148 933 2195; x_wconf 89' lang='lat' dir='ltr'>cursorum</span> <span class='ocrx_word' id='word_1_53' title='bbox 955 2119 1113 2201; x_wconf 80' lang='grc' dir='ltr'><strong><em>ὁῖππιος</em></strong></span> <span class='ocrx_word' id='word_1_54' title='bbox 1130 2123 1254 2209; x_wconf 80' lang='grc' dir='ltr'><em>δρόμος</em></span> <span class='ocrx_word' id='word_1_55' title='bbox 1276 2129 1346 2196; x_wconf 82' lang='lat' dir='ltr'>sive</span> 
     </span>
     <span class='ocr_line' id='line_1_10' title="bbox 189 2224 1345 2311; baseline 0.004 -20"><span class='ocrx_word' id='word_1_56' title='bbox 189 2224 228 2293; x_wconf 80' lang='grc' dir='ltr'>τὸ</span> <span class='ocrx_word' id='word_1_57' title='bbox 260 2225 403 2294; x_wconf 77' lang='grc' dir='ltr'><strong><em>ἱππικὸν</em></strong></span> <span class='ocrx_word' id='word_1_58' title='bbox 432 2229 496 2295; x_wconf 93' lang='lat' dir='ltr'>duo</span> <span class='ocrx_word' id='word_1_59' title='bbox 526 2234 617 2294; x_wconf 91' lang='lat' dir='ltr'>erant</span> <span class='ocrx_word' id='word_1_60' title='bbox 644 2229 745 2295; x_wconf 92' lang='lat' dir='ltr'>diauli</span> <span class='ocrx_word' id='word_1_61' title='bbox 774 2232 828 2296; x_wconf 90' lang='lat' dir='ltr'>vel</span> <span class='ocrx_word' id='word_1_62' title='bbox 857 2234 1006 2311; x_wconf 91' lang='lat' dir='ltr'>quattuor</span> <span class='ocrx_word' id='word_1_63' title='bbox 1028 2227 1136 2294; x_wconf 92' lang='lat' dir='ltr'>stadia</span> <span class='ocrx_word' id='word_1_64' title='bbox 1157 2235 1239 2295; x_wconf 91' lang='lat' dir='ltr'>teste</span> <span class='ocrx_word' id='word_1_65' title='bbox 1262 2229 1345 2296; x_wconf 88' lang='lat' dir='ltr'>Pau-</span> 
     </span>
     <span class='ocr_line' id='line_1_11' title="bbox 191 2326 1345 2417; baseline -0.003 -19"><span class='ocrx_word' id='word_1_66' title='bbox 191 2332 283 2398; x_wconf 83' lang='lat' dir='ltr'>sania</span> <span class='ocrx_word' id='word_1_67' title='bbox 304 2331 490 2416; x_wconf 82' lang='lat' dir='ltr'>(v116,4):</span> <span class='ocrx_word' id='word_1_68' title='bbox 520 2326 667 2412; x_wconf 55' lang='grc' dir='ltr'><strong><em>ηδρόμον</em></strong></span> <span class='ocrx_word' id='word_1_69' title='bbox 697 2329 734 2395; x_wconf 77' lang='grc' dir='ltr'>δέ</span> <span class='ocrx_word' id='word_1_70' title='bbox 763 2328 829 2396; x_wconf 80' lang='grc' dir='ltr'>εἰσι</span> <span class='ocrx_word' id='word_1_71' title='bbox 851 2330 910 2394; x_wconf 81' lang='grc' dir='ltr'>τοῦ</span> <span class='ocrx_word' id='word_1_72' title='bbox 933 2327 1056 2395; x_wconf 78' lang='grc' dir='ltr'><strong><em>ἱππίου</em></strong></span> <span class='ocrx_word' id='word_1_73' title='bbox 1085 2330 1189 2417; x_wconf 82' lang='grc' dir='ltr'><strong><em>μῆκος</em></strong></span> <span class='ocrx_word' id='word_1_74' title='bbox 1210 2328 1271 2411; x_wconf 82' lang='grc' dir='ltr'>μὲν</span> <span class='ocrx_word' id='word_1_75' title='bbox 1294 2330 1345 2396; x_wconf 81' lang='lat' dir='ltr'>dl-</span> 
     </span>
    </p>
   </div>
   <div class='ocr_carea' id='block_1_4' title="bbox 187 2425 1345 3027">
    <p class='ocr_par' dir='ltr' id='par_1_5' title="bbox 187 2425 1345 3027">
     <span class='ocr_line' id='line_1_12' title="bbox 191 2425 1345 2518; baseline 0.003 -22"><span class='ocrx_word' id='word_1_76' title='bbox 191 2432 287 2498; x_wconf 83' lang='grc' dir='ltr'><strong><em>αυίοι</em></strong></span> <span class='ocrx_word' id='word_1_77' title='bbox 316 2430 407 2497; x_wconf 61' lang='lat' dir='ltr'>eoos</span> <span class='ocrx_word' id='word_1_78' title='bbox 446 2425 599 2498; x_wconf 78' lang='grc' dir='ltr'>Ἱππικὸν</span> <span class='ocrx_word' id='word_1_79' title='bbox 628 2439 737 2499; x_wconf 91' lang='lat' dir='ltr'>autem</span> <span class='ocrx_word' id='word_1_80' title='bbox 765 2433 839 2500; x_wconf 93' lang='lat' dir='ltr'>ideo</span> <span class='ocrx_word' id='word_1_81' title='bbox 868 2432 1065 2499; x_wconf 88' lang='lat' dir='ltr'>nominatum</span> <span class='ocrx_word' id='word_1_82' title='bbox 1094 2440 1158 2516; x_wconf 89' lang='lat' dir='ltr'>est,</span> <span class='ocrx_word' id='word_1_83' title='bbox 1188 2436 1265 2518; x_wconf 89' lang='lat' dir='ltr'>quia</span> <span class='ocrx_word' id='word_1_84' title='bbox 1286 2455 1345 2518; x_wconf 91' lang='lat' dir='ltr'>par</span> 
     </span>
     <span class='ocr_line' id='line_1_13' title="bbox 189 2535 1344 2622; baseline 0 -20"><span class='ocrx_word' id='word_1_85' title='bbox 189 2543 259 2602; x_wconf 91' lang='lat' dir='ltr'>erat</span> <span class='ocrx_word' id='word_1_86' title='bbox 285 2537 340 2602; x_wconf 90' lang='lat' dir='ltr'>nni</span> <span class='ocrx_word' id='word_1_87' title='bbox 369 2555 522 2618; x_wconf 90' lang='lat' dir='ltr'>equorum</span> <span class='ocrx_word' id='word_1_88' title='bbox 551 2537 726 2622; x_wconf 91' lang='lat' dir='ltr'>curriculo,</span> <span class='ocrx_word' id='word_1_89' title='bbox 757 2536 842 2620; x_wconf 92' lang='lat' dir='ltr'>quod</span> <span class='ocrx_word' id='word_1_90' title='bbox 871 2536 913 2601; x_wconf 92' lang='lat' dir='ltr'>ab</span> <span class='ocrx_word' id='word_1_91' title='bbox 942 2535 1093 2600; x_wconf 90' lang='lat' dir='ltr'>interiore</span> <span class='ocrx_word' id='word_1_92' title='bbox 1114 2540 1203 2602; x_wconf 90' lang='lat' dir='ltr'>meta</span> <span class='ocrx_word' id='word_1_93' title='bbox 1224 2538 1344 2604; x_wconf 92' lang='lat' dir='ltr'>circum</span> 
     </span>
     <span class='ocr_line' id='line_1_14' title="bbox 189 2635 1344 2723; baseline 0.003 -20"><span class='ocrx_word' id='word_1_94' title='bbox 189 2638 381 2704; x_wconf 81' lang='lat' dir='ltr'>exteriorem</span> <span class='ocrx_word' id='word_1_95' title='bbox 403 2637 447 2703; x_wconf 98' lang='lat' dir='ltr'>ad</span> <span class='ocrx_word' id='word_1_96' title='bbox 468 2639 559 2703; x_wconf 93' lang='lat' dir='ltr'>illam</span> <span class='ocrx_word' id='word_1_97' title='bbox 580 2644 666 2704; x_wconf 90' lang='lat' dir='ltr'>retro</span> <span class='ocrx_word' id='word_1_98' title='bbox 688 2639 918 2722; x_wconf 83' lang='lat' dir='ltr'>percurrebant</span> <span class='ocrx_word' id='word_1_99' title='bbox 939 2635 1006 2712; x_wconf 88' lang='lat' dir='ltr'>(cfr.</span> <span class='ocrx_word' id='word_1_100' title='bbox 1023 2637 1150 2703; x_wconf 89' lang='lat' dir='ltr'>Krause</span> <span class='ocrx_word' id='word_1_101' title='bbox 1173 2637 1288 2723; x_wconf 84' lang='lat' dir='ltr'>Gymn.</span> <span class='ocrx_word' id='word_1_102' title='bbox 1312 2648 1344 2706; x_wconf 89' lang='lat' dir='ltr'>et</span> 
     </span>
     <span class='ocr_line' id='line_1_15' title="bbox 187 2737 1343 2824; baseline 0.002 -19"><span class='ocrx_word' id='word_1_103' title='bbox 187 2740 291 2823; x_wconf 84' lang='lat' dir='ltr'>Agon.</span> <span class='ocrx_word' id='word_1_104' title='bbox 314 2759 345 2822; x_wconf 90' lang='lat' dir='ltr'>p.</span> <span class='ocrx_word' id='word_1_105' title='bbox 365 2742 525 2823; x_wconf 67' lang='lat' dir='ltr'>lorsqu).</span> <span class='ocrx_word' id='word_1_106' title='bbox 558 2738 709 2806; x_wconf 87' lang='lat' dir='ltr'>Sinnius</span> <span class='ocrx_word' id='word_1_107' title='bbox 731 2747 853 2805; x_wconf 90' lang='lat' dir='ltr'>tantum</span> <span class='ocrx_word' id='word_1_108' title='bbox 876 2737 973 2806; x_wconf 89' lang='lat' dir='ltr'>stadii</span> <span class='ocrx_word' id='word_1_109' title='bbox 996 2739 1089 2820; x_wconf 92' lang='lat' dir='ltr'>spina</span> <span class='ocrx_word' id='word_1_110' title='bbox 1110 2740 1232 2824; x_wconf 88' lang='lat' dir='ltr'>fuisset,</span> <span class='ocrx_word' id='word_1_111' title='bbox 1257 2742 1343 2824; x_wconf 91' lang='lat' dir='ltr'>quod</span> 
     </span>
     <span class='ocr_line' id='line_1_16' title="bbox 188 2840 1342 2927; baseline 0.003 -21"><span class='ocrx_word' id='word_1_112' title='bbox 188 2841 321 2924; x_wconf 85' lang='lat' dir='ltr'>quidam</span> <span class='ocrx_word' id='word_1_113' title='bbox 341 2848 478 2925; x_wconf 92' lang='lat' dir='ltr'>ponunt,</span> <span class='ocrx_word' id='word_1_114' title='bbox 501 2862 566 2907; x_wconf 89' lang='lat' dir='ltr'>non</span> <span class='ocrx_word' id='word_1_115' title='bbox 588 2842 799 2924; x_wconf 84' lang='lat' dir='ltr'>intellegitur,</span> <span class='ocrx_word' id='word_1_116' title='bbox 822 2841 877 2923; x_wconf 92' lang='lat' dir='ltr'>qui</span> <span class='ocrx_word' id='word_1_117' title='bbox 901 2844 1050 2922; x_wconf 90' lang='lat' dir='ltr'>quattuor</span> <span class='ocrx_word' id='word_1_118' title='bbox 1071 2840 1247 2908; x_wconf 88' lang='lat' dir='ltr'>stadiorum</span> <span class='ocrx_word' id='word_1_119' title='bbox 1270 2863 1342 2927; x_wconf 88' lang='lat' dir='ltr'>spa·</span> 
     </span>
     <span class='ocr_line' id='line_1_17' title="bbox 188 2939 1341 3027; baseline 0.002 -18"><span class='ocrx_word' id='word_1_120' title='bbox 188 2945 267 3009; x_wconf 93' lang='lat' dir='ltr'>tium</span> <span class='ocrx_word' id='word_1_121' title='bbox 291 2939 435 3008; x_wconf 83' lang='grc' dir='ltr'><strong><em>ίππικόν</em></strong></span> <span class='ocrx_word' id='word_1_122' title='bbox 457 2945 655 3027; x_wconf 90' lang='lat' dir='ltr'>appellatum</span> <span class='ocrx_word' id='word_1_123' title='bbox 679 2944 736 3025; x_wconf 90' lang='lat' dir='ltr'>sit,</span> <span class='ocrx_word' id='word_1_124' title='bbox 766 2962 839 3008; x_wconf 90' lang='lat' dir='ltr'>cum</span> <span class='ocrx_word' id='word_1_125' title='bbox 868 2940 1003 3006; x_wconf 93' lang='lat' dir='ltr'>duorum</span> <span class='ocrx_word' id='word_1_126' title='bbox 1030 2943 1137 3023; x_wconf 91' lang='lat' dir='ltr'>potius</span> <span class='ocrx_word' id='word_1_127' title='bbox 1166 2943 1341 3011; x_wconf 89' lang='lat' dir='ltr'>stadiorum</span> 
     </span>
    </p>
   </div>
   <div class='ocr_carea' id='block_1_5' title="bbox 188 3040 1440 3129">
    <p class='ocr_par' dir='ltr' id='par_1_6' title="bbox 188 3040 1440 3129">
     <span class='ocr_line' id='line_1_18' title="bbox 188 3040 1440 3129; baseline 0.001 -19"><span class='ocrx_word' id='word_1_128' title='bbox 188 3050 373 3129; x_wconf 85' lang='lat' dir='ltr'>exspectes:</span> <span class='ocrx_word' id='word_1_129' title='bbox 396 3044 458 3112; x_wconf 88' lang='lat' dir='ltr'>boe</span> <span class='ocrx_word' id='word_1_130' title='bbox 479 3051 587 3110; x_wconf 87' lang='lat' dir='ltr'>antem</span> <span class='ocrx_word' id='word_1_131' title='bbox 611 3042 746 3108; x_wconf 79' lang='grc' dir='ltr'><strong><em>δίαυλον</em></strong></span> <span class='ocrx_word' id='word_1_132' title='bbox 769 3043 937 3109; x_wconf 89' lang='lat' dir='ltr'>vocabant.</span> <span class='ocrx_word' id='word_1_133' title='bbox 975 3040 1149 3108; x_wconf 89' lang='lat' dir='ltr'>Praeterea</span> <span class='ocrx_word' id='word_1_134' title='bbox 1164 3044 1341 3112; x_wconf 89' lang='lat' dir='ltr'>verendum</span> <span class='ocrx_word' id='word_1_135' title='bbox 1438 3067 1440 3072; x_wconf 86' lang='lat'><em>·</em></span> 
     </span>
    </p>
   </div>
   <div class='ocr_carea' id='block_1_6' title="bbox 184 3144 1341 4048">
    <p class='ocr_par' dir='ltr' id='par_1_7' title="bbox 184 3144 1341 4048">
     <span class='ocr_line' id='line_1_19' title="bbox 186 3144 1340 3231; baseline 0.001 -18"><span class='ocrx_word' id='word_1_136' title='bbox 186 3153 272 3228; x_wconf 88' lang='lat' dir='ltr'>erat,</span> <span class='ocrx_word' id='word_1_137' title='bbox 301 3166 343 3213; x_wconf 94' lang='lat' dir='ltr'>ne</span> <span class='ocrx_word' id='word_1_138' title='bbox 370 3167 429 3231; x_wconf 92' lang='lat' dir='ltr'>per</span> <span class='ocrx_word' id='word_1_139' title='bbox 458 3148 613 3212; x_wconf 90' lang='lat' dir='ltr'>tantulum</span> <span class='ocrx_word' id='word_1_140' title='bbox 642 3147 782 3230; x_wconf 90' lang='lat' dir='ltr'>spatium</span> <span class='ocrx_word' id='word_1_141' title='bbox 811 3144 1004 3210; x_wconf 92' lang='lat' dir='ltr'>currentium</span> <span class='ocrx_word' id='word_1_142' title='bbox 1033 3145 1061 3210; x_wconf 94' lang='lat' dir='ltr'>si</span> <span class='ocrx_word' id='word_1_143' title='bbox 1089 3144 1161 3226; x_wconf 89' lang='lat' dir='ltr'>quis</span> <span class='ocrx_word' id='word_1_144' title='bbox 1183 3165 1204 3210; x_wconf 92' lang='lat' dir='ltr'>a</span> <span class='ocrx_word' id='word_1_145' title='bbox 1226 3147 1340 3214; x_wconf 92' lang='lat' dir='ltr'>ceteris</span> 
     </span>
     <span class='ocr_line' id='line_1_20' title="bbox 186 3246 1341 3332; baseline 0.001 -19"><span class='ocrx_word' id='word_1_146' title='bbox 186 3249 312 3332; x_wconf 86' lang='lat' dir='ltr'>longius</span> <span class='ocrx_word' id='word_1_147' title='bbox 333 3251 464 3316; x_wconf 89' lang='lat' dir='ltr'>relictus</span> <span class='ocrx_word' id='word_1_148' title='bbox 487 3253 582 3331; x_wconf 89' lang='lat' dir='ltr'>esset,</span> <span class='ocrx_word' id='word_1_149' title='bbox 604 3270 625 3315; x_wconf 94' lang='lat' dir='ltr'>a</span> <span class='ocrx_word' id='word_1_150' title='bbox 647 3256 736 3332; x_wconf 84' lang='lat' dir='ltr'>tergo</span> <span class='ocrx_word' id='word_1_151' title='bbox 759 3246 919 3314; x_wconf 88' lang='lat' dir='ltr'>celerrimi</span> <span class='ocrx_word' id='word_1_152' title='bbox 935 3266 1007 3313; x_wconf 91' lang='lat' dir='ltr'>eum</span> <span class='ocrx_word' id='word_1_153' title='bbox 1027 3248 1286 3314; x_wconf 79' lang='lat' dir='ltr'>nanciscerentur</span> <span class='ocrx_word' id='word_1_154' title='bbox 1309 3255 1341 3314; x_wconf 90' lang='lat' dir='ltr'>et</span> 
     </span>
     <span class='ocr_line' id='line_1_21' title="bbox 186 3348 1339 3436; baseline -0.003 -19"><span class='ocrx_word' id='word_1_155' title='bbox 186 3350 291 3419; x_wconf 89' lang='lat' dir='ltr'>denuo</span> <span class='ocrx_word' id='word_1_156' title='bbox 306 3357 503 3436; x_wconf 86' lang='lat' dir='ltr'>superarent,</span> <span class='ocrx_word' id='word_1_157' title='bbox 526 3351 561 3417; x_wconf 94' lang='lat' dir='ltr'>id</span> <span class='ocrx_word' id='word_1_158' title='bbox 576 3348 664 3434; x_wconf 90' lang='lat' dir='ltr'>quod</span> <span class='ocrx_word' id='word_1_159' title='bbox 679 3351 713 3415; x_wconf 92' lang='lat' dir='ltr'>in</span> <span class='ocrx_word' id='word_1_160' title='bbox 726 3355 817 3415; x_wconf 91' lang='lat' dir='ltr'>tanta</span> <span class='ocrx_word' id='word_1_161' title='bbox 831 3349 1020 3415; x_wconf 88' lang='lat' dir='ltr'>certantium</span> <span class='ocrx_word' id='word_1_162' title='bbox 1044 3348 1247 3415; x_wconf 91' lang='lat' dir='ltr'>multitudine</span> <span class='ocrx_word' id='word_1_163' title='bbox 1268 3368 1339 3432; x_wconf 92' lang='lat' dir='ltr'>per·</span> 
     </span>
     <span class='ocr_line' id='line_1_22' title="bbox 185 3449 1338 3520; baseline -0.003 0"><span class='ocrx_word' id='word_1_164' title='bbox 185 3455 398 3520; x_wconf 88' lang='lat' dir='ltr'>turbationem</span> <span class='ocrx_word' id='word_1_165' title='bbox 419 3455 572 3519; x_wconf 90' lang='lat' dir='ltr'>auxisset.</span> <span class='ocrx_word' id='word_1_166' title='bbox 617 3452 800 3518; x_wconf 89' lang='lat' dir='ltr'>Hadrianus</span> <span class='ocrx_word' id='word_1_167' title='bbox 823 3471 895 3518; x_wconf 89' lang='lat' dir='ltr'>eum</span> <span class='ocrx_word' id='word_1_168' title='bbox 917 3451 1037 3518; x_wconf 87' lang='lat' dir='ltr'>circum</span> <span class='ocrx_word' id='word_1_169' title='bbox 1063 3449 1198 3516; x_wconf 90' lang='lat' dir='ltr'>duorum</span> <span class='ocrx_word' id='word_1_170' title='bbox 1219 3449 1338 3517; x_wconf 89' lang='lat' dir='ltr'>stadio-</span> 
     </span>
     <span class='ocr_line' id='line_1_23' title="bbox 185 3551 1339 3640; baseline -0.002 -19"><span class='ocrx_word' id='word_1_171' title='bbox 185 3575 256 3621; x_wconf 90' lang='lat' dir='ltr'>rum</span> <span class='ocrx_word' id='word_1_172' title='bbox 271 3557 438 3640; x_wconf 83' lang='lat' dir='ltr'>exstruxit,</span> <span class='ocrx_word' id='word_1_173' title='bbox 453 3557 590 3622; x_wconf 86' lang='lat' dir='ltr'>fortasse</span> <span class='ocrx_word' id='word_1_174' title='bbox 602 3555 798 3621; x_wconf 84' lang='lat' dir='ltr'>Graecorum</span> <span class='ocrx_word' id='word_1_175' title='bbox 811 3553 1093 3637; x_wconf 90' lang='lat' dir='ltr'>hippodromorum</span> <span class='ocrx_word' id='word_1_176' title='bbox 1104 3551 1339 3634; x_wconf 85' lang='lat' dir='ltr'>longitudinem</span> 
     </span>
     <span class='ocr_line' id='line_1_24' title="bbox 185 3649 1338 3741; baseline -0.004 -19"><span class='ocrx_word' id='word_1_177' title='bbox 185 3658 327 3724; x_wconf 86' lang='lat' dir='ltr'>imitatus</span> <span class='ocrx_word' id='word_1_178' title='bbox 350 3663 399 3725; x_wconf 86' lang='lat' dir='ltr'>est</span> <span class='ocrx_word' id='word_1_179' title='bbox 421 3657 527 3737; x_wconf 85' lang='lat' dir='ltr'>(Paus.</span> <span class='ocrx_word' id='word_1_180' title='bbox 544 3658 572 3724; x_wconf 94' lang='lat' dir='ltr'>V</span> <span class='ocrx_word' id='word_1_181' title='bbox 590 3661 639 3740; x_wconf 84' lang='lat'>12,</span> <span class='ocrx_word' id='word_1_182' title='bbox 656 3659 690 3722; x_wconf 87' lang='lat'>6:</span> <span class='ocrx_word' id='word_1_183' title='bbox 713 3659 767 3719; x_wconf 80' lang='grc' dir='ltr'>καί</span> <span class='ocrx_word' id='word_1_184' title='bbox 785 3652 994 3741; x_wconf 79' lang='grc' dir='ltr'><strong><em>οἰκοδόμημα</em></strong></span> <span class='ocrx_word' id='word_1_185' title='bbox 1010 3650 1043 3729; x_wconf 80' lang='grc' dir='ltr'>ἒς</span> <span class='ocrx_word' id='word_1_186' title='bbox 1058 3651 1177 3718; x_wconf 78' lang='grc' dir='ltr'><strong><em>ἵππων</em></strong></span> <span class='ocrx_word' id='word_1_187' title='bbox 1194 3649 1338 3736; x_wconf 80' lang='grc' dir='ltr'><strong><em>δρόμους</em></strong></span> 
     </span>
     <span class='ocr_line' id='line_1_25' title="bbox 184 3755 1337 3848; baseline -0.001 -26"><span class='ocrx_word' id='word_1_188' title='bbox 184 3761 332 3848; x_wconf 77' lang='grc' dir='ltr'><strong><em>προῆκον</em></strong></span> <span class='ocrx_word' id='word_1_189' title='bbox 354 3759 411 3824; x_wconf 85' lang='grc' dir='ltr'>καί</span> <span class='ocrx_word' id='word_1_190' title='bbox 434 3755 467 3835; x_wconf 83' lang='grc' dir='ltr'>ἒς</span> <span class='ocrx_word' id='word_1_191' title='bbox 489 3758 547 3824; x_wconf 79' lang='grc' dir='ltr'>δύο</span> <span class='ocrx_word' id='word_1_192' title='bbox 572 3757 718 3824; x_wconf 79' lang='grc' dir='ltr'><strong><em>σταδίων</em></strong></span> <span class='ocrx_word' id='word_1_193' title='bbox 740 3759 865 3843; x_wconf 81' lang='grc' dir='ltr'><strong><em>μῆκος).</em></strong></span> <span class='ocrx_word' id='word_1_194' title='bbox 910 3756 1094 3824; x_wconf 88' lang='lat' dir='ltr'>Duodecies</span> <span class='ocrx_word' id='word_1_195' title='bbox 1115 3761 1216 3821; x_wconf 84' lang='lat' dir='ltr'>totum</span> <span class='ocrx_word' id='word_1_196' title='bbox 1239 3757 1337 3822; x_wconf 87' lang='lat' dir='ltr'>curri·</span> 
     </span>
     <span class='ocr_line' id='line_1_26' title="bbox 184 3856 1336 3946; baseline -0.003 -19"><span class='ocrx_word' id='word_1_197' title='bbox 184 3863 291 3927; x_wconf 89' lang='lat' dir='ltr'>culum</span> <span class='ocrx_word' id='word_1_198' title='bbox 319 3861 360 3926; x_wconf 89' lang='lat' dir='ltr'>ab</span> <span class='ocrx_word' id='word_1_199' title='bbox 383 3861 501 3928; x_wconf 88' lang='lat' dir='ltr'>adultis</span> <span class='ocrx_word' id='word_1_200' title='bbox 525 3863 616 3946; x_wconf 91' lang='lat' dir='ltr'>equis</span> <span class='ocrx_word' id='word_1_201' title='bbox 645 3859 880 3928; x_wconf 91' lang='lat' dir='ltr'>conficiebatur.</span> <span class='ocrx_word' id='word_1_202' title='bbox 926 3858 1020 3936; x_wconf 80' lang='lat' dir='ltr'>Quod</span> <span class='ocrx_word' id='word_1_203' title='bbox 1043 3856 1182 3941; x_wconf 89' lang='lat' dir='ltr'>spatium</span> <span class='ocrx_word' id='word_1_204' title='bbox 1205 3858 1288 3922; x_wconf 85' lang='lat'>8880</span> <span class='ocrx_word' id='word_1_205' title='bbox 1305 3880 1336 3923; x_wconf 93' lang='lat' dir='ltr'>m</span> 
     </span>
     <span class='ocr_line' id='line_1_27' title="bbox 184 3957 1336 4048; baseline -0.002 -20"><span class='ocrx_word' id='word_1_206' title='bbox 184 3982 378 4046; x_wconf 87' lang='lat' dir='ltr'>quamquam</span> <span class='ocrx_word' id='word_1_207' title='bbox 394 3963 599 4031; x_wconf 84' lang='lat' dir='ltr'>Lehndorlfio</span> <span class='ocrx_word' id='word_1_208' title='bbox 615 3963 741 4030; x_wconf 91' lang='lat' dir='ltr'>collatis</span> <span class='ocrx_word' id='word_1_209' title='bbox 757 3963 813 4048; x_wconf 89' lang='lat' dir='ltr'>eis,</span> <span class='ocrx_word' id='word_1_210' title='bbox 837 3981 920 4044; x_wconf 88' lang='lat' dir='ltr'>quae</span> <span class='ocrx_word' id='word_1_211' title='bbox 934 3964 968 4028; x_wconf 93' lang='lat' dir='ltr'>in</span> <span class='ocrx_word' id='word_1_212' title='bbox 982 3961 1100 4028; x_wconf 68' lang='lat' dir='ltr'>noscis</span> <span class='ocrx_word' id='word_1_213' title='bbox 1115 3957 1336 4040; x_wconf 87' lang='lat' dir='ltr'>hippodromis</span> 
     </span>
    </p>
   </div>
   <div class='ocr_carea' id='block_1_7' title="bbox 0 0 1548 4774">
    <p class='ocr_par' dir='ltr' id='par_1_8' title="bbox 0 0 1548 4774">
     <span class='ocr_line' id='line_1_28' title="bbox 0 0 1548 4774; baseline 0 6"><span class='ocrx_word' id='word_1_214' title='bbox 0 0 1548 4774; x_wconf 95' lang='lat' dir='ltr'> </span> 
     </span>
    </p>
   </div>
  </div>
 </body>
</html>
