<?xml version="1.0" encoding="UTF-8"?>
<!DOCTYPE html PUBLIC "-//W3C//DTD XHTML 1.0 Transitional//EN"
    "http://www.w3.org/TR/xhtml1/DTD/xhtml1-transitional.dtd">
<html xmlns="http://www.w3.org/1999/xhtml" xml:lang="en" lang="en">
 <head>
  <title>
</title>
<meta http-equiv="Content-Type" content="text/html;charset=utf-8" />
  <meta name='ocr-system' content='tesseract 3.04.00' />
  <meta name='ocr-capabilities' content='ocr_page ocr_carea ocr_par ocr_line ocrx_word'/>
</head>
<body>
  <div class='ocr_page' id='page_1' title='image "./hippodromica01pollgoog_0111.png"; bbox 0 0 3088 4774; ppageno 0'>
   <div class='ocr_carea' id='block_1_1' title="bbox 615 273 1362 333">
    <p class='ocr_par' dir='ltr' id='par_1_1' title="bbox 615 273 1362 333">
     <span class='ocr_line' id='line_1_1' title="bbox 615 273 1362 333; baseline 0.007 -5"><span class='ocrx_word' id='word_1_1' title='bbox 615 275 647 328; x_wconf 90' lang='lat' dir='ltr'><strong><em>B.</em></strong></span> <span class='ocrx_word' id='word_1_2' title='bbox 674 274 726 328; x_wconf 85' lang='lat' dir='ltr'><strong><em>DE</em></strong></span> <span class='ocrx_word' id='word_1_3' title='bbox 744 273 963 329; x_wconf 83' lang='lat' dir='ltr'><strong>TARAXIPPO.</strong></span> <span class='ocrx_word' id='word_1_4' title='bbox 1301 275 1362 333; x_wconf 80' lang='lat'><strong><em>101</em></strong></span> 
     </span>
    </p>
   </div>
   <div class='ocr_carea' id='block_1_2' title="bbox 208 447 1365 2360">
    <p class='ocr_par' dir='ltr' id='par_1_2' title="bbox 211 447 1365 1039">
     <span class='ocr_line' id='line_1_2' title="bbox 211 447 1365 533; baseline 0 -20"><span class='ocrx_word' id='word_1_5' title='bbox 211 448 333 533; x_wconf 84' lang='lat' dir='ltr'><strong>aridae,</strong></span> <span class='ocrx_word' id='word_1_6' title='bbox 357 448 497 514; x_wconf 89' lang='lat' dir='ltr'><strong>subitum</strong></span> <span class='ocrx_word' id='word_1_7' title='bbox 519 448 675 530; x_wconf 91' lang='lat' dir='ltr'><strong>crepitum</strong></span> <span class='ocrx_word' id='word_1_8' title='bbox 699 468 799 532; x_wconf 91' lang='lat' dir='ltr'><strong>equos</strong></span> <span class='ocrx_word' id='word_1_9' title='bbox 821 466 1037 532; x_wconf 83' lang='lat' dir='ltr'><strong>expavescere</strong></span> <span class='ocrx_word' id='word_1_10' title='bbox 1058 465 1154 530; x_wconf 91' lang='lat' dir='ltr'><strong>posse</strong></span> <span class='ocrx_word' id='word_1_11' title='bbox 1176 447 1287 530; x_wconf 88' lang='lat' dir='ltr'><strong>nequit</strong></span> <span class='ocrx_word' id='word_1_12' title='bbox 1309 467 1365 513; x_wconf 89' lang='lat' dir='ltr'><strong>ne·</strong></span> 
     </span>
     <span class='ocr_line' id='line_1_3' title="bbox 212 549 1364 635; baseline -0.002 -19"><span class='ocrx_word' id='word_1_13' title='bbox 212 552 298 635; x_wconf 84' lang='lat' dir='ltr'><strong>gari,</strong></span> <span class='ocrx_word' id='word_1_14' title='bbox 327 558 436 616; x_wconf 86' lang='lat' dir='ltr'><strong>tamon</strong></span> <span class='ocrx_word' id='word_1_15' title='bbox 463 549 532 616; x_wconf 90' lang='lat' dir='ltr'><strong>solo</strong></span> <span class='ocrx_word' id='word_1_16' title='bbox 561 549 694 616; x_wconf 80' lang='lat' dir='ltr'>umbrae</span> <span class='ocrx_word' id='word_1_17' title='bbox 722 550 872 616; x_wconf 83' lang='lat' dir='ltr'><strong>foliorum</strong></span> <span class='ocrx_word' id='word_1_18' title='bbox 901 556 1032 634; x_wconf 87' lang='lat' dir='ltr'><strong>aspectu</strong></span> <span class='ocrx_word' id='word_1_19' title='bbox 1065 567 1166 632; x_wconf 89' lang='lat' dir='ltr'><strong>equos</strong></span> <span class='ocrx_word' id='word_1_20' title='bbox 1194 549 1364 615; x_wconf 89' lang='lat' dir='ltr'><strong>victoriam</strong></span> 
     </span>
     <span class='ocr_line' id='line_1_4' title="bbox 211 649 1364 736; baseline 0.001 -19"><span class='ocrx_word' id='word_1_21' title='bbox 211 653 380 736; x_wconf 83' lang='lat' dir='ltr'><strong>praecipiti</strong></span> <span class='ocrx_word' id='word_1_22' title='bbox 411 671 504 718; x_wconf 87' lang='lat' dir='ltr'><strong>cursu</strong></span> <span class='ocrx_word' id='word_1_23' title='bbox 533 657 720 735; x_wconf 80' lang='lat' dir='ltr'><strong>expetentes</strong></span> <span class='ocrx_word' id='word_1_24' title='bbox 748 652 782 718; x_wconf 85' lang='lat' dir='ltr'><strong><em>id</em></strong></span> <span class='ocrx_word' id='word_1_25' title='bbox 809 652 877 734; x_wconf 94' lang='lat' dir='ltr'><strong>pati</strong></span> <span class='ocrx_word' id='word_1_26' title='bbox 906 671 1001 735; x_wconf 91' lang='lat' dir='ltr'><strong>posse</strong></span> <span class='ocrx_word' id='word_1_27' title='bbox 1029 651 1160 717; x_wconf 89' lang='lat' dir='ltr'><strong>minime</strong></span> <span class='ocrx_word' id='word_1_28' title='bbox 1186 649 1364 718; x_wconf 86' lang='lat' dir='ltr'><strong>verisimile</strong></span> 
     </span>
     <span class='ocr_line' id='line_1_5' title="bbox 213 753 1363 836; baseline -0.003 -16"><span class='ocrx_word' id='word_1_29' title='bbox 213 758 275 820; x_wconf 91' lang='lat' dir='ltr'><strong>est:</strong></span> <span class='ocrx_word' id='word_1_30' title='bbox 298 759 466 836; x_wconf 87' lang='lat' dir='ltr'><strong>praeterea</strong></span> <span class='ocrx_word' id='word_1_31' title='bbox 488 753 546 818; x_wconf 89' lang='lat' dir='ltr'><strong>tali</strong></span> <span class='ocrx_word' id='word_1_32' title='bbox 568 758 701 836; x_wconf 85' lang='lat' dir='ltr'><strong>aspectu</strong></span> <span class='ocrx_word' id='word_1_33' title='bbox 722 759 797 819; x_wconf 90' lang='lat' dir='ltr'><strong>ante</strong></span> <span class='ocrx_word' id='word_1_34' title='bbox 812 771 998 819; x_wconf 72' lang='lat' dir='ltr'><strong>assuescere</strong></span> <span class='ocrx_word' id='word_1_35' title='bbox 1014 757 1172 836; x_wconf 89' lang='lat' dir='ltr'><strong>poterant,</strong></span> <span class='ocrx_word' id='word_1_36' title='bbox 1195 758 1228 817; x_wconf 93' lang='lat' dir='ltr'><strong><em>et</em></strong></span> <span class='ocrx_word' id='word_1_37' title='bbox 1248 753 1363 817; x_wconf 92' lang='lat' dir='ltr'><strong>mirum</strong></span> 
     </span>
     <span class='ocr_line' id='line_1_6' title="bbox 213 853 1363 938; baseline -0.001 -18"><span class='ocrx_word' id='word_1_38' title='bbox 213 861 291 937; x_wconf 86' lang='lat' dir='ltr'><strong>erat,</strong></span> <span class='ocrx_word' id='word_1_39' title='bbox 313 855 375 922; x_wconf 88' lang='lat' dir='ltr'><strong>nisi</strong></span> <span class='ocrx_word' id='word_1_40' title='bbox 390 861 457 919; x_wconf 88' lang='lat' dir='ltr'><strong>tam</strong></span> <span class='ocrx_word' id='word_1_41' title='bbox 471 855 599 921; x_wconf 89' lang='lat' dir='ltr'><strong>funesta</strong></span> <span class='ocrx_word' id='word_1_42' title='bbox 612 855 708 920; x_wconf 91' lang='lat' dir='ltr'><strong>arbor</strong></span> <span class='ocrx_word' id='word_1_43' title='bbox 730 854 854 920; x_wconf 88' lang='lat' dir='ltr'><strong>succisa</strong></span> <span class='ocrx_word' id='word_1_44' title='bbox 873 855 936 938; x_wconf 88' lang='lat' dir='ltr'><strong>vel,</strong></span> <span class='ocrx_word' id='word_1_45' title='bbox 960 855 988 920; x_wconf 95' lang='lat' dir='ltr'><strong><em>si</em></strong></span> <span class='ocrx_word' id='word_1_46' title='bbox 1009 854 1071 921; x_wconf 93' lang='lat' dir='ltr'><strong><em>hoc</em></strong></span> <span class='ocrx_word' id='word_1_47' title='bbox 1092 854 1206 936; x_wconf 82' lang='lat' dir='ltr'><strong>religio</strong></span> <span class='ocrx_word' id='word_1_48' title='bbox 1222 853 1363 937; x_wconf 84' lang='lat' dir='ltr'><strong>vetabat,</strong></span> 
     </span>
     <span class='ocr_line' id='line_1_7' title="bbox 212 956 1361 1039; baseline 0.002 -19"><span class='ocrx_word' id='word_1_49' title='bbox 212 956 438 1038; x_wconf 89' lang='lat' dir='ltr'><strong>aliquomodo</strong></span> <span class='ocrx_word' id='word_1_50' title='bbox 460 957 502 1022; x_wconf 94' lang='lat' dir='ltr'><strong><em>ab</em></strong></span> <span class='ocrx_word' id='word_1_51' title='bbox 525 976 677 1039; x_wconf 90' lang='lat' dir='ltr'><strong>equorum</strong></span> <span class='ocrx_word' id='word_1_52' title='bbox 701 961 874 1039; x_wconf 89' lang='lat' dir='ltr'><strong>conspectu</strong></span> <span class='ocrx_word' id='word_1_53' title='bbox 895 961 981 1022; x_wconf 87' lang='lat' dir='ltr'><strong>tecta</strong></span> <span class='ocrx_word' id='word_1_54' title='bbox 1003 962 1096 1022; x_wconf 86' lang='lat' dir='ltr'><strong>esset</strong></span> <span class='ocrx_word' id='word_1_55' title='bbox 1359 1015 1361 1022; x_wconf 82' lang='grc'>,</span> 
     </span>
    </p>

    <p class='ocr_par' dir='ltr' id='par_1_3' title="bbox 208 1055 1364 1745">
     <span class='ocr_line' id='line_1_8' title="bbox 297 1055 1363 1142; baseline -0.003 -17"><span class='ocrx_word' id='word_1_56' title='bbox 297 1058 462 1142; x_wconf 78' lang='lat' dir='ltr'><strong>Ceterum,</strong></span> <span class='ocrx_word' id='word_1_57' title='bbox 490 1078 532 1125; x_wconf 92' lang='lat' dir='ltr'><strong>ne</strong></span> <span class='ocrx_word' id='word_1_58' title='bbox 554 1058 616 1126; x_wconf 91' lang='lat' dir='ltr'><strong><em>hoc</em></strong></span> <span class='ocrx_word' id='word_1_59' title='bbox 640 1064 752 1124; x_wconf 90' lang='lat' dir='ltr'><strong>notare</strong></span> <span class='ocrx_word' id='word_1_60' title='bbox 778 1057 1047 1140; x_wconf 82' lang='lat' dir='ltr'><strong>praetermittam,</strong></span> <span class='ocrx_word' id='word_1_61' title='bbox 1077 1055 1163 1141; x_wconf 87' lang='lat' dir='ltr'><strong>quod</strong></span> <span class='ocrx_word' id='word_1_62' title='bbox 1185 1057 1363 1122; x_wconf 86' lang='lat' dir='ltr'><strong>Pausanias</strong></span> 
     </span>
     <span class='ocr_line' id='line_1_9' title="bbox 211 1144 1363 1245; baseline -0.001 -22"><span class='ocrx_word' id='word_1_63' title='bbox 211 1159 268 1225; x_wconf 92' lang='lat' dir='ltr'><strong>illo</strong></span> <span class='ocrx_word' id='word_1_64' title='bbox 289 1160 361 1225; x_wconf 94' lang='lat' dir='ltr'><strong>loco</strong></span> <span class='ocrx_word' id='word_1_65' title='bbox 382 1161 579 1244; x_wconf 81' lang='lat' dir='ltr'><strong>imperfectis</strong></span> <span class='ocrx_word' id='word_1_66' title='bbox 600 1144 641 1245; x_wconf 77' lang='grc' dir='ltr'><strong><em>ἦν</em></strong></span> <span class='ocrx_word' id='word_1_67' title='bbox 664 1166 697 1226; x_wconf 88' lang='lat' dir='ltr'><strong>ot</strong></span> <span class='ocrx_word' id='word_1_68' title='bbox 718 1156 865 1222; x_wconf 77' lang='grc' dir='ltr'><strong><em>ἐνεποίει</em></strong></span> <span class='ocrx_word' id='word_1_69' title='bbox 887 1178 962 1224; x_wconf 89' lang='lat' dir='ltr'><strong>usus</strong></span> <span class='ocrx_word' id='word_1_70' title='bbox 985 1166 1051 1243; x_wconf 90' lang='lat' dir='ltr'><strong>est,</strong></span> <span class='ocrx_word' id='word_1_71' title='bbox 1081 1178 1153 1224; x_wconf 90' lang='lat' dir='ltr'><strong><em>cum</em></strong></span> <span class='ocrx_word' id='word_1_72' title='bbox 1177 1157 1363 1240; x_wconf 88' lang='lat' dir='ltr'><strong>ceteroquin</strong></span> 
     </span>
     <span class='ocr_line' id='line_1_10' title="bbox 211 1253 1363 1346; baseline -0.002 -22"><span class='ocrx_word' id='word_1_73' title='bbox 211 1279 362 1342; x_wconf 82' lang='lat' dir='ltr'><strong>praesens</strong></span> <span class='ocrx_word' id='word_1_74' title='bbox 384 1264 587 1346; x_wconf 86' lang='lat' dir='ltr'><strong>usurpaverit</strong></span> <span class='ocrx_word' id='word_1_75' title='bbox 601 1265 631 1340; x_wconf 61' lang='grc' dir='ltr'><strong><em>(ξ</em></strong></span> <span class='ocrx_word' id='word_1_76' title='bbox 650 1266 702 1326; x_wconf 84' lang='lat'><strong><em>15:</em></strong></span> <span class='ocrx_word' id='word_1_77' title='bbox 718 1253 861 1324; x_wconf 82' lang='grc' dir='ltr'><strong><em>Ἔστιν</em></strong></span> <span class='ocrx_word' id='word_1_78' title='bbox 885 1255 943 1324; x_wconf 81' lang='grc' dir='ltr'><strong><em>ἐπὶ</em></strong></span> <span class='ocrx_word' id='word_1_79' title='bbox 964 1260 1023 1346; x_wconf 77' lang='grc' dir='ltr'><strong><em>τῆς</em></strong></span> <span class='ocrx_word' id='word_1_80' title='bbox 1043 1255 1194 1340; x_wconf 78' lang='grc' dir='ltr'><strong><em>μείζονος</em></strong></span> <span class='ocrx_word' id='word_1_81' title='bbox 1216 1258 1363 1342; x_wconf 84' lang='grc' dir='ltr'><strong><em>πλευρᾶς</em></strong></span> 
     </span>
     <span class='ocr_line' id='line_1_11' title="bbox 211 1351 1362 1446; baseline -0.001 -21"><span class='ocrx_word' id='word_1_82' title='bbox 211 1358 228 1425; x_wconf 87' lang='grc' dir='ltr'>ὁ</span> <span class='ocrx_word' id='word_1_83' title='bbox 256 1359 488 1446; x_wconf 75' lang='grc' dir='ltr'><strong><em>Ταράξιππος.</em></strong></span> <span class='ocrx_word' id='word_1_84' title='bbox 525 1367 617 1442; x_wconf 78' lang='lat'><strong><em>§192</em></strong></span> <span class='ocrx_word' id='word_1_85' title='bbox 635 1357 750 1428; x_wconf 77' lang='grc' dir='ltr'><strong><em>’Ἐστι</em></strong></span> <span class='ocrx_word' id='word_1_86' title='bbox 773 1359 809 1426; x_wconf 77' lang='grc' dir='ltr'><strong><em>δὲ</em></strong></span> <span class='ocrx_word' id='word_1_87' title='bbox 830 1361 887 1426; x_wconf 86' lang='grc' dir='ltr'><strong><em>καὶ</em></strong></span> <span class='ocrx_word' id='word_1_88' title='bbox 911 1357 944 1424; x_wconf 77' lang='grc' dir='ltr'><strong><em>ἐν</em></strong></span> <span class='ocrx_word' id='word_1_89' title='bbox 962 1351 1090 1443; x_wconf 75' lang='grc' dir='ltr'><strong><em>Ἰσθμῷ</em></strong></span> <span class='ocrx_word' id='word_1_90' title='bbox 1116 1357 1362 1445; x_wconf 81' lang='grc' dir='ltr'><strong><em>Ταράξιππος),</em></strong></span> 
     </span>
     <span class='ocr_line' id='line_1_12' title="bbox 210 1461 1364 1545; baseline -0.001 -16"><span class='ocrx_word' id='word_1_91' title='bbox 210 1464 285 1531; x_wconf 83' lang='lat' dir='ltr'><strong>inde</strong></span> <span class='ocrx_word' id='word_1_92' title='bbox 315 1462 399 1530; x_wconf 86' lang='lat' dir='ltr'><strong>effici</strong></span> <span class='ocrx_word' id='word_1_93' title='bbox 425 1466 563 1531; x_wconf 90' lang='lat' dir='ltr'><strong>arbitror</strong></span> <span class='ocrx_word' id='word_1_94' title='bbox 591 1465 679 1532; x_wconf 91' lang='lat' dir='ltr'><strong>illius</strong></span> <span class='ocrx_word' id='word_1_95' title='bbox 707 1470 814 1531; x_wconf 87' lang='lat' dir='ltr'><strong>aetate</strong></span> <span class='ocrx_word' id='word_1_96' title='bbox 842 1483 906 1529; x_wconf 91' lang='lat' dir='ltr'><strong><em>non</em></strong></span> <span class='ocrx_word' id='word_1_97' title='bbox 934 1463 1026 1527; x_wconf 92' lang='lat' dir='ltr'><strong>illum</strong></span> <span class='ocrx_word' id='word_1_98' title='bbox 1055 1461 1301 1545; x_wconf 86' lang='lat' dir='ltr'><strong>hippodromum</strong></span> <span class='ocrx_word' id='word_1_99' title='bbox 1331 1469 1364 1528; x_wconf 94' lang='lat' dir='ltr'><strong><em>et</em></strong></span> 
     </span>
     <span class='ocr_line' id='line_1_13' title="bbox 209 1564 1364 1650; baseline 0 -19"><span class='ocrx_word' id='word_1_100' title='bbox 209 1585 321 1650; x_wconf 92' lang='lat' dir='ltr'><strong>rupem</strong></span> <span class='ocrx_word' id='word_1_101' title='bbox 342 1565 407 1631; x_wconf 91' lang='lat' dir='ltr'><strong><em>iam</em></strong></span> <span class='ocrx_word' id='word_1_102' title='bbox 429 1588 493 1634; x_wconf 94' lang='lat' dir='ltr'><strong><em>non</em></strong></span> <span class='ocrx_word' id='word_1_103' title='bbox 515 1572 607 1648; x_wconf 86' lang='lat' dir='ltr'><strong>nota,</strong></span> <span class='ocrx_word' id='word_1_104' title='bbox 636 1574 669 1632; x_wconf 92' lang='lat' dir='ltr'><strong>at</strong></span> <span class='ocrx_word' id='word_1_105' title='bbox 698 1572 784 1633; x_wconf 90' lang='lat' dir='ltr'><strong>certe</strong></span> <span class='ocrx_word' id='word_1_106' title='bbox 806 1565 931 1630; x_wconf 87' lang='lat' dir='ltr'><strong>Nemea</strong></span> <span class='ocrx_word' id='word_1_107' title='bbox 953 1564 1018 1628; x_wconf 91' lang='lat' dir='ltr'><strong><em>iam</em></strong></span> <span class='ocrx_word' id='word_1_108' title='bbox 1046 1584 1110 1630; x_wconf 91' lang='lat' dir='ltr'><strong><em>non</em></strong></span> <span class='ocrx_word' id='word_1_109' title='bbox 1132 1565 1178 1630; x_wconf 93' lang='lat' dir='ltr'><strong><em>ibi</em></strong></span> <span class='ocrx_word' id='word_1_110' title='bbox 1201 1565 1364 1631; x_wconf 89' lang='lat' dir='ltr'><strong>celebrata</strong></span> 
     </span>
     <span class='ocr_line' id='line_1_14' title="bbox 208 1669 345 1745; baseline 0.015 -12"><span class='ocrx_word' id='word_1_111' title='bbox 208 1669 345 1745; x_wconf 56' lang='grc' dir='ltr'><strong><em>λάεσσί)</em></strong></span> 
     </span>
    </p>

    <p class='ocr_par' dir='ltr' id='par_1_4' title="bbox 208 1766 1364 2360">
     <span class='ocr_line' id='line_1_15' title="bbox 287 1766 1363 1854; baseline 0.001 -21"><span class='ocrx_word' id='word_1_112' title='bbox 287 1768 413 1854; x_wconf 70' lang='grc' dir='ltr'><strong><em>ΙΡγιίιίιι</em></strong></span> <span class='ocrx_word' id='word_1_113' title='bbox 445 1789 522 1834; x_wconf 88' lang='lat' dir='ltr'><strong>vero</strong></span> <span class='ocrx_word' id='word_1_114' title='bbox 551 1787 651 1851; x_wconf 90' lang='lat' dir='ltr'><strong>usque</strong></span> <span class='ocrx_word' id='word_1_115' title='bbox 679 1767 722 1833; x_wconf 89' lang='lat' dir='ltr'><strong><em>ad</em></strong></span> <span class='ocrx_word' id='word_1_116' title='bbox 751 1787 809 1833; x_wconf 87' lang='lat' dir='ltr'><strong><em>sua</em></strong></span> <span class='ocrx_word' id='word_1_117' title='bbox 838 1773 984 1849; x_wconf 87' lang='lat' dir='ltr'><strong>tempora</strong></span> <span class='ocrx_word' id='word_1_118' title='bbox 1010 1766 1044 1831; x_wconf 92' lang='lat' dir='ltr'><strong><em>in</em></strong></span> <span class='ocrx_word' id='word_1_119' title='bbox 1077 1785 1136 1832; x_wconf 90' lang='lat' dir='ltr'><strong><em>usn</em></strong></span> <span class='ocrx_word' id='word_1_120' title='bbox 1164 1767 1263 1834; x_wconf 83' lang='lat' dir='ltr'><strong>fuisse</strong></span> <span class='ocrx_word' id='word_1_121' title='bbox 1293 1769 1363 1850; x_wconf 90' lang='lat' dir='ltr'><strong>ipse</strong></span> 
     </span>
     <span class='ocr_line' id='line_1_16' title="bbox 210 1859 1362 1953; baseline -0.004 -16"><span class='ocrx_word' id='word_1_122' title='bbox 210 1872 331 1937; x_wconf 72' lang='lat' dir='ltr'><strong>diseno</strong></span> <span class='ocrx_word' id='word_1_123' title='bbox 359 1871 541 1937; x_wconf 79' lang='lat' dir='ltr'><strong>testimonio</strong></span> <span class='ocrx_word' id='word_1_124' title='bbox 570 1867 676 1936; x_wconf 82' lang='lat' dir='ltr'><strong>firmat</strong></span> <span class='ocrx_word' id='word_1_125' title='bbox 698 1869 741 1948; x_wconf 85' lang='lat' dir='ltr'><strong><em>(x</em></strong></span> <span class='ocrx_word' id='word_1_126' title='bbox 757 1872 807 1953; x_wconf 86' lang='lat'><strong><em>37,</em></strong></span> <span class='ocrx_word' id='word_1_127' title='bbox 823 1873 871 1945; x_wconf 79' lang='lat' dir='ltr'><strong><em>o:</em></strong></span> <span class='ocrx_word' id='word_1_128' title='bbox 900 1859 969 1944; x_wconf 79' lang='grc' dir='ltr'><strong><em>,Ἐς</em></strong></span> <span class='ocrx_word' id='word_1_129' title='bbox 998 1866 1034 1932; x_wconf 74' lang='grc' dir='ltr'><strong><em>οὲ</em></strong></span> <span class='ocrx_word' id='word_1_130' title='bbox 1057 1871 1185 1952; x_wconf 76' lang='grc' dir='ltr'><strong><em>Κίρραν</em></strong></span> <span class='ocrx_word' id='word_1_131' title='bbox 1213 1865 1251 1932; x_wconf 77' lang='grc' dir='ltr'><strong><em>ιο</em></strong></span> <span class='ocrx_word' id='word_1_132' title='bbox 1285 1865 1362 1933; x_wconf 75' lang='grc' dir='ltr'><strong><em>επι-</em></strong></span> 
     </span>
     <span class='ocr_line' id='line_1_17' title="bbox 211 1965 1362 2057; baseline -0.002 -21"><span class='ocrx_word' id='word_1_133' title='bbox 211 1995 299 2036; x_wconf 91' lang='grc' dir='ltr'><strong><em>νειον</em></strong></span> <span class='ocrx_word' id='word_1_134' title='bbox 321 1970 466 2057; x_wconf 80' lang='grc' dir='ltr'><strong><em>Δελφιῦν</em></strong></span> <span class='ocrx_word' id='word_1_135' title='bbox 488 1966 568 2046; x_wconf 82' lang='grc' dir='ltr'><strong><em>ὁδὸς</em></strong></span> <span class='ocrx_word' id='word_1_136' title='bbox 589 1968 650 2052; x_wconf 81' lang='grc' dir='ltr'><strong><em>μὲν</em></strong></span> <span class='ocrx_word' id='word_1_137' title='bbox 680 1967 826 2033; x_wconf 81' lang='grc' dir='ltr'><strong><em>σταδίων</em></strong></span> <span class='ocrx_word' id='word_1_138' title='bbox 849 1965 1006 2056; x_wconf 76' lang='grc' dir='ltr'><strong><em>ἑξήκοντά</em></strong></span> <span class='ocrx_word' id='word_1_139' title='bbox 1029 1966 1119 2034; x_wconf 77' lang='grc' dir='ltr'><strong><em>ἐστιν</em></strong></span> <span class='ocrx_word' id='word_1_140' title='bbox 1142 1967 1177 2034; x_wconf 78' lang='grc' dir='ltr'><strong><em>ἐκ</em></strong></span> <span class='ocrx_word' id='word_1_141' title='bbox 1198 1969 1362 2057; x_wconf 78' lang='grc' dir='ltr'><strong><em>Δελφῶν·</em></strong></span> 
     </span>
     <span class='ocr_line' id='line_1_18' title="bbox 208 2063 1363 2155; baseline -0.002 -18"><span class='ocrx_word' id='word_1_142' title='bbox 208 2069 391 2154; x_wconf 81' lang='grc' dir='ltr'><strong><em>καταβάντι</em></strong></span> <span class='ocrx_word' id='word_1_143' title='bbox 421 2071 457 2137; x_wconf 80' lang='grc' dir='ltr'><strong><em>δὲ</em></strong></span> <span class='ocrx_word' id='word_1_144' title='bbox 487 2070 520 2149; x_wconf 82' lang='grc' dir='ltr'><strong><em>ές</em></strong></span> <span class='ocrx_word' id='word_1_145' title='bbox 547 2069 585 2137; x_wconf 87' lang='grc' dir='ltr'><strong><em>τὸ</em></strong></span> <span class='ocrx_word' id='word_1_146' title='bbox 610 2069 729 2136; x_wconf 82' lang='grc' dir='ltr'><strong><em>πεδίον</em></strong></span> <span class='ocrx_word' id='word_1_147' title='bbox 753 2067 967 2155; x_wconf 81' lang='grc' dir='ltr'><strong><em>ἱππόδρομός</em></strong></span> <span class='ocrx_word' id='word_1_148' title='bbox 995 2072 1032 2134; x_wconf 83' lang='grc' dir='ltr'><strong><em>τέ</em></strong></span> <span class='ocrx_word' id='word_1_149' title='bbox 1055 2067 1226 2137; x_wconf 80' lang='grc' dir='ltr'><strong><em>ἐστικαὶ</em></strong></span> <span class='ocrx_word' id='word_1_150' title='bbox 1249 2063 1363 2155; x_wconf 80' lang='grc' dir='ltr'><strong><em>άγῶνα</em></strong></span> 
     </span>
     <span class='ocr_line' id='line_1_19' title="bbox 209 2167 1364 2258; baseline 0 -18"><span class='ocrx_word' id='word_1_151' title='bbox 209 2173 331 2240; x_wconf 75' lang='grc' dir='ltr'><strong><em>Πύθια</em></strong></span> <span class='ocrx_word' id='word_1_152' title='bbox 354 2167 526 2258; x_wconf 78' lang='grc' dir='ltr'><strong><em>ἄγουσιν</em></strong></span> <span class='ocrx_word' id='word_1_153' title='bbox 549 2171 698 2240; x_wconf 73' lang='grc' dir='ltr'><strong><em>ἐνταῦθα</em></strong></span> <span class='ocrx_word' id='word_1_154' title='bbox 724 2169 784 2238; x_wconf 83' lang='grc' dir='ltr'><strong><em>τὸν</em></strong></span> <span class='ocrx_word' id='word_1_155' title='bbox 807 2169 949 2237; x_wconf 76' lang='grc' dir='ltr'><strong><em>ἱππικόν</em></strong></span> <span class='ocrx_word' id='word_1_156' title='bbox 958 2179 981 2236; x_wconf 81' lang='grc'><strong><em>“.</em></strong></span> <span class='ocrx_word' id='word_1_157' title='bbox 1025 2172 1102 2240; x_wconf 84' lang='lat' dir='ltr'><strong>Plus</strong></span> <span class='ocrx_word' id='word_1_158' title='bbox 1131 2174 1229 2239; x_wconf 83' lang='lat' dir='ltr'><strong>etiam</strong></span> <span class='ocrx_word' id='word_1_159' title='bbox 1254 2179 1364 2240; x_wconf 82' lang='lat' dir='ltr'><strong>nostra</strong></span> 
     </span>
     <span class='ocr_line' id='line_1_20' title="bbox 208 2269 1360 2360; baseline -0.003 -17"><span class='ocrx_word' id='word_1_160' title='bbox 208 2280 350 2360; x_wconf 89' lang='lat' dir='ltr'><strong>interest,</strong></span> <span class='ocrx_word' id='word_1_161' title='bbox 373 2296 456 2360; x_wconf 87' lang='lat' dir='ltr'><strong>qnae</strong></span> <span class='ocrx_word' id='word_1_162' title='bbox 471 2276 513 2344; x_wconf 90' lang='lat' dir='ltr'><strong>de</strong></span> <span class='ocrx_word' id='word_1_163' title='bbox 527 2277 714 2359; x_wconf 85' lang='lat' dir='ltr'><strong>Taraxippo</strong></span> <span class='ocrx_word' id='word_1_164' title='bbox 729 2274 888 2357; x_wconf 90' lang='lat' dir='ltr'><strong>Delphico</strong></span> <span class='ocrx_word' id='word_1_165' title='bbox 911 2274 1008 2360; x_wconf 87' lang='lat' dir='ltr'><strong>dicat,</strong></span> <span class='ocrx_word' id='word_1_166' title='bbox 1031 2276 1223 2359; x_wconf 88' lang='lat' dir='ltr'><strong>comperire:</strong></span> <span class='ocrx_word' id='word_1_167' title='bbox 1247 2269 1301 2351; x_wconf 90' lang='grc' dir='ltr'><strong><em>,Ὁ</em></strong></span> <span class='ocrx_word' id='word_1_168' title='bbox 1323 2273 1360 2340; x_wconf 85' lang='grc' dir='ltr'><strong><em>δέ</em></strong></span> 
     </span>
    </p>
   </div>
   <div class='ocr_carea' id='block_1_3' title="bbox 205 2368 1363 2978">
    <p class='ocr_par' dir='ltr' id='par_1_5' title="bbox 205 2368 1363 2978">
     <span class='ocr_line' id='line_1_21' title="bbox 210 2368 1362 2464; baseline -0.002 -20"><span class='ocrx_word' id='word_1_169' title='bbox 210 2376 423 2464; x_wconf 83' lang='grc' dir='ltr'><strong><em>ἱππόδρομος</em></strong></span> <span class='ocrx_word' id='word_1_170' title='bbox 445 2375 531 2443; x_wconf 81' lang='grc' dir='ltr'><strong><em>ἐὀικε</em></strong></span> <span class='ocrx_word' id='word_1_171' title='bbox 551 2379 611 2443; x_wconf 86' lang='grc' dir='ltr'><strong><em>τοῦ</em></strong></span> <span class='ocrx_word' id='word_1_172' title='bbox 629 2369 847 2452; x_wconf 76' lang='grc' dir='ltr'><strong><em>’Λπόλλωνος</em></strong></span> <span class='ocrx_word' id='word_1_173' title='bbox 868 2373 954 2456; x_wconf 87' lang='grc' dir='ltr'><strong><em>τάχα</em></strong></span> <span class='ocrx_word' id='word_1_174' title='bbox 979 2377 1040 2458; x_wconf 89' lang='grc' dir='ltr'><strong><em>μέν</em></strong></span> <span class='ocrx_word' id='word_1_175' title='bbox 1055 2397 1122 2440; x_wconf 87' lang='grc' dir='ltr'><strong><em>που</em></strong></span> <span class='ocrx_word' id='word_1_176' title='bbox 1144 2378 1214 2442; x_wconf 85' lang='grc' dir='ltr'><strong><em>καὶ</em></strong></span> <span class='ocrx_word' id='word_1_177' title='bbox 1237 2368 1362 2453; x_wconf 73' lang='grc' dir='ltr'><strong><em>αὐτὸς</em></strong></span> 
     </span>
     <span class='ocr_line' id='line_1_22' title="bbox 206 2469 1363 2564; baseline 0.001 -19"><span class='ocrx_word' id='word_1_178' title='bbox 206 2483 273 2546; x_wconf 80' lang='grc' dir='ltr'><strong><em>τῶν</em></strong></span> <span class='ocrx_word' id='word_1_179' title='bbox 298 2477 511 2547; x_wconf 80' lang='grc' dir='ltr'><strong><em>ἱππευόντων</em></strong></span> <span class='ocrx_word' id='word_1_180' title='bbox 532 2477 607 2547; x_wconf 81' lang='grc' dir='ltr'><strong><em>τινὰ</em></strong></span> <span class='ocrx_word' id='word_1_181' title='bbox 632 2471 784 2559; x_wconf 85' lang='grc' dir='ltr'><strong><em>άνιᾶσαι,</em></strong></span> <span class='ocrx_word' id='word_1_182' title='bbox 815 2475 873 2543; x_wconf 81' lang='grc' dir='ltr'><strong><em>άτε</em></strong></span> <span class='ocrx_word' id='word_1_183' title='bbox 896 2469 1096 2563; x_wconf 72' lang='grc' dir='ltr'><strong><em>ἀνθρώποις</em></strong></span> <span class='ocrx_word' id='word_1_184' title='bbox 1120 2480 1181 2544; x_wconf 86' lang='grc' dir='ltr'><strong><em>τοῦ</em></strong></span> <span class='ocrx_word' id='word_1_185' title='bbox 1203 2476 1363 2564; x_wconf 80' lang='grc' dir='ltr'><strong><em>δαίμονος</em></strong></span> 
     </span>
     <span class='ocr_line' id='line_1_23' title="bbox 208 2573 1360 2668; baseline -0.003 -17"><span class='ocrx_word' id='word_1_186' title='bbox 208 2579 335 2666; x_wconf 81' lang='grc' dir='ltr'><strong><em>ὁμοίως</em></strong></span> <span class='ocrx_word' id='word_1_187' title='bbox 358 2581 416 2649; x_wconf 74' lang='grc' dir='ltr'><strong><em>ἐπὶ</em></strong></span> <span class='ocrx_word' id='word_1_188' title='bbox 439 2580 522 2668; x_wconf 76' lang='grc' dir='ltr'><strong><em>έργφ</em></strong></span> <span class='ocrx_word' id='word_1_189' title='bbox 545 2583 726 2648; x_wconf 82' lang='grc' dir='ltr'><strong><em>παντὶκαὶ</em></strong></span> <span class='ocrx_word' id='word_1_190' title='bbox 749 2573 875 2664; x_wconf 88' lang='grc' dir='ltr'><strong><em>άμείνω</em></strong></span> <span class='ocrx_word' id='word_1_191' title='bbox 903 2582 960 2646; x_wconf 82' lang='grc' dir='ltr'><strong><em>καὶ</em></strong></span> <span class='ocrx_word' id='word_1_192' title='bbox 987 2577 1030 2644; x_wconf 87' lang='grc' dir='ltr'><strong><em>τὰ</em></strong></span> <span class='ocrx_word' id='word_1_193' title='bbox 1057 2584 1158 2666; x_wconf 87' lang='grc' dir='ltr'><strong><em>χείρω</em></strong></span> <span class='ocrx_word' id='word_1_194' title='bbox 1187 2585 1360 2664; x_wconf 90' lang='grc' dir='ltr'><strong><em>νέμοντος·</em></strong></span> 
     </span>
     <span class='ocr_line' id='line_1_24' title="bbox 208 2676 1362 2773; baseline -0.002 -22"><span class='ocrx_word' id='word_1_195' title='bbox 208 2679 246 2751; x_wconf 80' lang='grc' dir='ltr'><strong><em>οὗ</em></strong></span> <span class='ocrx_word' id='word_1_196' title='bbox 268 2689 383 2769; x_wconf 89' lang='grc' dir='ltr'><strong><em>μέντοι</em></strong></span> <span class='ocrx_word' id='word_1_197' title='bbox 404 2686 460 2752; x_wconf 87' lang='grc' dir='ltr'><strong><em>καὶ</em></strong></span> <span class='ocrx_word' id='word_1_198' title='bbox 484 2677 585 2763; x_wconf 78' lang='grc' dir='ltr'><strong><em>αὐτὸς</em></strong></span> <span class='ocrx_word' id='word_1_199' title='bbox 606 2682 751 2773; x_wconf 81' lang='grc' dir='ltr'><strong><em>ταραχὴν</em></strong></span> <span class='ocrx_word' id='word_1_200' title='bbox 774 2695 846 2759; x_wconf 88' lang='grc' dir='ltr'><strong><em>τοῖς</em></strong></span> <span class='ocrx_word' id='word_1_201' title='bbox 867 2676 1025 2758; x_wconf 76' lang='grc' dir='ltr'><strong><em>ἵπποιςὸ</em></strong></span> <span class='ocrx_word' id='word_1_202' title='bbox 1048 2681 1263 2767; x_wconf 81' lang='grc' dir='ltr'><strong><em>ἱππόδρομος</em></strong></span> <span class='ocrx_word' id='word_1_203' title='bbox 1285 2679 1362 2749; x_wconf 71' lang='grc' dir='ltr'><strong><em>οὔτε</em></strong></span> 
     </span>
     <span class='ocr_line' id='line_1_25' title="bbox 205 2779 1361 2872; baseline -0.003 -19"><span class='ocrx_word' id='word_1_204' title='bbox 205 2785 292 2853; x_wconf 82' lang='grc' dir='ltr'><strong><em>κατὰ</em></strong></span> <span class='ocrx_word' id='word_1_205' title='bbox 315 2786 426 2853; x_wconf 80' lang='grc' dir='ltr'><strong><em>αἰτίαν</em></strong></span> <span class='ocrx_word' id='word_1_206' title='bbox 448 2785 557 2872; x_wconf 79' lang='grc' dir='ltr'><strong><em>ἥρωος</em></strong></span> <span class='ocrx_word' id='word_1_207' title='bbox 579 2782 655 2853; x_wconf 72' lang='grc' dir='ltr'><strong><em>οὔτε</em></strong></span> <span class='ocrx_word' id='word_1_208' title='bbox 678 2780 734 2852; x_wconf 75' lang='grc' dir='ltr'><strong><em>ἐπ’</em></strong></span> <span class='ocrx_word' id='word_1_209' title='bbox 762 2779 844 2870; x_wconf 85' lang='grc' dir='ltr'><strong><em>άλλη</em></strong></span> <span class='ocrx_word' id='word_1_210' title='bbox 873 2788 1021 2870; x_wconf 85' lang='grc' dir='ltr'><strong><em>πέφυκεν</em></strong></span> <span class='ocrx_word' id='word_1_211' title='bbox 1051 2782 1253 2870; x_wconf 75' lang='grc' dir='ltr'><strong><em>ἐργάζεσθαι</em></strong></span> <span class='ocrx_word' id='word_1_212' title='bbox 1275 2811 1361 2869; x_wconf 91' lang='grc' dir='ltr'><strong><em>προ-</em></strong></span> 
     </span>
     <span class='ocr_line' id='line_1_26' title="bbox 207 2886 1360 2978; baseline 0 -24"><span class='ocrx_word' id='word_1_213' title='bbox 207 2886 343 2978; x_wconf 80' lang='grc' dir='ltr'><strong><em>φάσει“.</em></strong></span> <span class='ocrx_word' id='word_1_214' title='bbox 393 2890 442 2954; x_wconf 81' lang='lat' dir='ltr'><strong><em>En</em></strong></span> <span class='ocrx_word' id='word_1_215' title='bbox 470 2888 572 2958; x_wconf 91' lang='lat' dir='ltr'><strong>habes</strong></span> <span class='ocrx_word' id='word_1_216' title='bbox 600 2890 887 2957; x_wconf 89' lang='lat' dir='ltr'><strong>luculentissimum</strong></span> <span class='ocrx_word' id='word_1_217' title='bbox 915 2889 1017 2971; x_wconf 92' lang='lat' dir='ltr'><strong>ipsius</strong></span> <span class='ocrx_word' id='word_1_218' title='bbox 1050 2889 1169 2954; x_wconf 86' lang='lat' dir='ltr'><strong>veteris</strong></span> <span class='ocrx_word' id='word_1_219' title='bbox 1197 2889 1360 2971; x_wconf 90' lang='lat' dir='ltr'><strong>scriptoris</strong></span> 
     </span>
    </p>
   </div>
   <div class='ocr_carea' id='block_1_4' title="bbox 206 3062 1361 3497">
    <p class='ocr_par' dir='ltr' id='par_1_6' title="bbox 206 3062 1361 3315">
     <span class='ocr_line' id='line_1_27' title="bbox 206 3062 1361 3146; baseline -0.005 -16"><span class='ocrx_word' id='word_1_220' title='bbox 206 3079 300 3146; x_wconf 77' lang='grc' dir='ltr'><strong><em>θῆναι,</em></strong></span> <span class='ocrx_word' id='word_1_221' title='bbox 318 3062 596 3138; x_wconf 76' lang='grc' dir='ltr'><strong><em>οὗκαίτυδέντοςὸ</em></strong></span> <span class='ocrx_word' id='word_1_222' title='bbox 616 3070 732 3145; x_wconf 87' lang='grc' dir='ltr'><strong><em>τάφος</em></strong></span> <span class='ocrx_word' id='word_1_223' title='bbox 749 3075 930 3130; x_wconf 81' lang='grc' dir='ltr'><strong><em>δείκνυται</em></strong></span> <span class='ocrx_word' id='word_1_224' title='bbox 948 3072 1030 3140; x_wconf 83' lang='grc' dir='ltr'><strong><em>περὶ</em></strong></span> <span class='ocrx_word' id='word_1_225' title='bbox 1048 3067 1111 3126; x_wconf 87' lang='grc' dir='ltr'><strong><em>τὸν</em></strong></span> <span class='ocrx_word' id='word_1_226' title='bbox 1128 3064 1361 3137; x_wconf 82' lang='grc' dir='ltr'><strong><em>καλούμενον</em></strong></span> 
     </span>
     <span class='ocr_line' id='line_1_28' title="bbox 208 3147 1360 3231; baseline -0.007 -15"><span class='ocrx_word' id='word_1_227' title='bbox 208 3157 351 3231; x_wconf 82' lang='grc' dir='ltr'><strong><em>Κρόνου</em></strong></span> <span class='ocrx_word' id='word_1_228' title='bbox 368 3152 484 3227; x_wconf 88' lang='grc' dir='ltr'><strong><em>λόφον</em></strong></span> <span class='ocrx_word' id='word_1_229' title='bbox 501 3157 623 3229; x_wconf 78' lang='grc' dir='ltr'><strong><em>πλησίον</em></strong></span> <span class='ocrx_word' id='word_1_230' title='bbox 635 3162 686 3216; x_wconf 87' lang='grc' dir='ltr'><strong><em>τοῦ</em></strong></span> <span class='ocrx_word' id='word_1_231' title='bbox 697 3161 868 3230; x_wconf 85' lang='grc' dir='ltr'><strong><em>καμπτῆρος</em></strong></span> <span class='ocrx_word' id='word_1_232' title='bbox 884 3157 933 3225; x_wconf 83' lang='grc' dir='ltr'><strong><em>τῆς</em></strong></span> <span class='ocrx_word' id='word_1_233' title='bbox 944 3147 1099 3222; x_wconf 84' lang='grc' dir='ltr'><strong><em>Ὀλυμπίας,</em></strong></span> <span class='ocrx_word' id='word_1_234' title='bbox 1116 3158 1165 3210; x_wconf 84' lang='grc' dir='ltr'><strong><em>καί</em></strong></span> <span class='ocrx_word' id='word_1_235' title='bbox 1178 3163 1272 3222; x_wconf 85' lang='grc' dir='ltr'><strong><em>τιμαῖς</em></strong></span> <span class='ocrx_word' id='word_1_236' title='bbox 1283 3155 1360 3210; x_wconf 90' lang='grc' dir='ltr'><strong><em>πλεί-</em></strong></span> 
     </span>
     <span class='ocr_line' id='line_1_29' title="bbox 209 3231 1262 3315; baseline -0.009 -15"><span class='ocrx_word' id='word_1_237' title='bbox 209 3263 289 3310; x_wconf 93' lang='grc' dir='ltr'><strong><em>σταις</em></strong></span> <span class='ocrx_word' id='word_1_238' title='bbox 307 3236 397 3300; x_wconf 76' lang='grc' dir='ltr'><strong><em>αὐτὸν</em></strong></span> <span class='ocrx_word' id='word_1_239' title='bbox 414 3238 528 3309; x_wconf 79' lang='grc' dir='ltr'><strong><em>ἐτίμων,</em></strong></span> <span class='ocrx_word' id='word_1_240' title='bbox 546 3235 620 3297; x_wconf 73' lang='grc' dir='ltr'><strong><em>καθ’</em></strong></span> <span class='ocrx_word' id='word_1_241' title='bbox 637 3237 673 3315; x_wconf 77' lang='grc' dir='ltr'><strong><em>ἢν</em></strong></span> <span class='ocrx_word' id='word_1_242' title='bbox 689 3238 798 3315; x_wconf 73' lang='grc' dir='ltr'><strong><em>ἡμέραν</em></strong></span> <span class='ocrx_word' id='word_1_243' title='bbox 815 3237 910 3311; x_wconf 73' lang='grc' dir='ltr'><strong><em>ἐτύθη,</em></strong></span> <span class='ocrx_word' id='word_1_244' title='bbox 927 3241 976 3294; x_wconf 86' lang='grc' dir='ltr'><strong><em>καί</em></strong></span> <span class='ocrx_word' id='word_1_245' title='bbox 994 3231 1093 3309; x_wconf 82' lang='grc' dir='ltr'><strong><em>άγώνα</em></strong></span> <span class='ocrx_word' id='word_1_246' title='bbox 1112 3240 1262 3294; x_wconf 85' lang='grc' dir='ltr'><strong><em>συνίστων.</em></strong></span> 
     </span>
    </p>

    <p class='ocr_par' dir='ltr' id='par_1_7' title="bbox 206 3318 1360 3497">
     <span class='ocr_line' id='line_1_30' title="bbox 282 3318 1360 3401; baseline -0.004 -17"><span class='ocrx_word' id='word_1_247' title='bbox 282 3329 427 3401; x_wconf 83' lang='grc' dir='ltr'><strong><em>λέγουσι</em></strong></span> <span class='ocrx_word' id='word_1_248' title='bbox 451 3326 487 3383; x_wconf 83' lang='grc' dir='ltr'><strong><em>δέ</em></strong></span> <span class='ocrx_word' id='word_1_249' title='bbox 511 3319 624 3385; x_wconf 79' lang='grc' dir='ltr'><strong><em>αι’τὸν</em></strong></span> <span class='ocrx_word' id='word_1_250' title='bbox 652 3327 898 3399; x_wconf 79' lang='grc' dir='ltr'><strong><em>Ταράξιππον,</em></strong></span> <span class='ocrx_word' id='word_1_251' title='bbox 923 3318 1046 3395; x_wconf 79' lang='grc' dir='ltr'><strong><em>ἐπειδή</em></strong></span> <span class='ocrx_word' id='word_1_252' title='bbox 1069 3322 1145 3380; x_wconf 87' lang='grc' dir='ltr'><strong><em>έστι</em></strong></span> <span class='ocrx_word' id='word_1_253' title='bbox 1163 3319 1360 3396; x_wconf 89' lang='grc' dir='ltr'><strong><em>ταράσσων</em></strong></span> 
     </span>
     <span class='ocr_line' id='line_1_31' title="bbox 206 3332 1109 3497; baseline -0.004 -29"><span class='ocrx_word' id='word_1_254' title='bbox 206 3332 264 3497; x_wconf 75' lang='lat'><strong><em>={</em></strong></span> <span class='ocrx_word' id='word_1_255' title='bbox 282 3417 341 3468; x_wconf 86' lang='grc' dir='ltr'><strong><em>καί</em></strong></span> <span class='ocrx_word' id='word_1_256' title='bbox 357 3418 530 3486; x_wconf 77' lang='grc' dir='ltr'><strong><em>θορυβῶν</em></strong></span> <span class='ocrx_word' id='word_1_257' title='bbox 547 3409 633 3479; x_wconf 84' lang='grc' dir='ltr'><strong><em>τοὺς</em></strong></span> <span class='ocrx_word' id='word_1_258' title='bbox 648 3409 782 3478; x_wconf 62' lang='grc' dir='ltr'><strong><em>’ίππους</em></strong></span> <span class='ocrx_word' id='word_1_259' title='bbox 800 3405 1109 3484; x_wconf 87' lang='grc' dir='ltr'><strong><em>άγωνιζομένους,</em></strong></span> 
     </span>
    </p>
   </div>
   <div class='ocr_carea' id='block_1_5' title="bbox 204 3505 1361 4010">
    <p class='ocr_par' dir='ltr' id='par_1_8' title="bbox 205 3505 1361 3759">
     <span class='ocr_line' id='line_1_32' title="bbox 206 3505 1361 3592; baseline -0.006 -19"><span class='ocrx_word' id='word_1_260' title='bbox 206 3511 223 3589; x_wconf 79' lang='grc' dir='ltr'><strong><em>ἢ</em></strong></span> <span class='ocrx_word' id='word_1_261' title='bbox 241 3508 356 3590; x_wconf 81' lang='grc' dir='ltr'><strong><em>άρρήτφ</em></strong></span> <span class='ocrx_word' id='word_1_262' title='bbox 378 3519 432 3571; x_wconf 86' lang='grc' dir='ltr'><strong><em>τινί</em></strong></span> <span class='ocrx_word' id='word_1_263' title='bbox 456 3519 505 3572; x_wconf 81' lang='grc' dir='ltr'><strong><em>καί</em></strong></span> <span class='ocrx_word' id='word_1_264' title='bbox 527 3510 625 3592; x_wconf 88' lang='grc' dir='ltr'><strong><em>άλόγφ</em></strong></span> <span class='ocrx_word' id='word_1_265' title='bbox 648 3511 762 3580; x_wconf 78' lang='grc' dir='ltr'><strong><em>δυνάμει</em></strong></span> <span class='ocrx_word' id='word_1_266' title='bbox 779 3510 797 3585; x_wconf 81' lang='grc' dir='ltr'><em>ἢ</em></span> <span class='ocrx_word' id='word_1_267' title='bbox 814 3509 947 3585; x_wconf 81' lang='grc' dir='ltr'><strong><em>δάφνης</em></strong></span> <span class='ocrx_word' id='word_1_268' title='bbox 965 3506 1090 3582; x_wconf 80' lang='grc' dir='ltr'><strong><em>ἑστώσης</em></strong></span> <span class='ocrx_word' id='word_1_269' title='bbox 1110 3513 1176 3583; x_wconf 81' lang='grc' dir='ltr'><strong><em>περὶ</em></strong></span> <span class='ocrx_word' id='word_1_270' title='bbox 1195 3505 1248 3566; x_wconf 84' lang='grc' dir='ltr'><strong><em>τὸν</em></strong></span> <span class='ocrx_word' id='word_1_271' title='bbox 1264 3505 1361 3580; x_wconf 86' lang='grc' dir='ltr'><strong><em>τάφον</em></strong></span> 
     </span>
     <span class='ocr_line' id='line_1_33' title="bbox 205 3591 1360 3673; baseline -0.006 -15"><span class='ocrx_word' id='word_1_272' title='bbox 205 3605 254 3658; x_wconf 87' lang='grc' dir='ltr'><strong><em>καί</em></strong></span> <span class='ocrx_word' id='word_1_273' title='bbox 272 3600 458 3673; x_wconf 79' lang='grc' dir='ltr'><strong><em>σειομένης</em></strong></span> <span class='ocrx_word' id='word_1_274' title='bbox 476 3596 586 3673; x_wconf 78' lang='grc' dir='ltr'><strong><em>αὐτῆς</em></strong></span> <span class='ocrx_word' id='word_1_275' title='bbox 607 3595 858 3672; x_wconf 74' lang='grc' dir='ltr'><strong><em>ταράσσεσθαι</em></strong></span> <span class='ocrx_word' id='word_1_276' title='bbox 881 3591 966 3662; x_wconf 77' lang='grc' dir='ltr'><strong><em>τοὺς</em></strong></span> <span class='ocrx_word' id='word_1_277' title='bbox 981 3592 1112 3659; x_wconf 73' lang='grc' dir='ltr'><strong><em>ἵππους</em></strong></span> <span class='ocrx_word' id='word_1_278' title='bbox 1134 3597 1176 3665; x_wconf 82' lang='grc' dir='ltr'><strong><em>τῇ</em></strong></span> <span class='ocrx_word' id='word_1_279' title='bbox 1193 3599 1274 3672; x_wconf 79' lang='grc' dir='ltr'><strong><em>σκιᾷ</em></strong></span> <span class='ocrx_word' id='word_1_280' title='bbox 1291 3599 1360 3651; x_wconf 81' lang='grc' dir='ltr'><strong><em>τῶν</em></strong></span> 
     </span>
     <span class='ocr_line' id='line_1_34' title="bbox 205 3681 356 3759; baseline -0.02 -15"><span class='ocrx_word' id='word_1_281' title='bbox 205 3681 356 3759; x_wconf 79' lang='grc' dir='ltr'><strong><em>φύλλων.</em></strong></span> 
     </span>
    </p>

    <p class='ocr_par' dir='ltr' id='par_1_9' title="bbox 204 3755 1359 3939">
     <span class='ocr_line' id='line_1_35' title="bbox 284 3755 1359 3841; baseline -0.005 -14"><span class='ocrx_word' id='word_1_282' title='bbox 284 3773 441 3827; x_wconf 67' lang='lat' dir='ltr'><strong>lictorius</strong></span> <span class='ocrx_word' id='word_1_283' title='bbox 465 3771 500 3828; x_wconf 80' lang='grc' dir='ltr'><strong><em>δέ</em></strong></span> <span class='ocrx_word' id='word_1_284' title='bbox 524 3764 632 3828; x_wconf 80' lang='grc' dir='ltr'><strong><em>αὐτὸν</em></strong></span> <span class='ocrx_word' id='word_1_285' title='bbox 660 3765 905 3841; x_wconf 85' lang='grc' dir='ltr'><strong><em>Ταράξιππον,</em></strong></span> <span class='ocrx_word' id='word_1_286' title='bbox 927 3759 1049 3835; x_wconf 77' lang='grc' dir='ltr'><strong><em>ἐπειδὴ</em></strong></span> <span class='ocrx_word' id='word_1_287' title='bbox 1075 3761 1108 3819; x_wconf 78' lang='grc' dir='ltr'><strong><em>οἳ</em></strong></span> <span class='ocrx_word' id='word_1_288' title='bbox 1132 3755 1359 3835; x_wconf 82' lang='grc' dir='ltr'><strong><em>α’γοινιζόμε-</em></strong></span> 
     </span>
     <span class='ocr_line' id='line_1_36' title="bbox 204 3774 1209 3939; baseline -0.007 -28"><span class='ocrx_word' id='word_1_289' title='bbox 204 3774 263 3939; x_wconf 73' lang='lat'><strong><em>&#39;&#39;{</em></strong></span> <span class='ocrx_word' id='word_1_290' title='bbox 282 3876 339 3912; x_wconf 93' lang='grc' dir='ltr'><strong><em>νοι</em></strong></span> <span class='ocrx_word' id='word_1_291' title='bbox 355 3851 477 3921; x_wconf 73' lang='grc' dir='ltr'><strong><em>ἵπποι,</em></strong></span> <span class='ocrx_word' id='word_1_292' title='bbox 496 3845 586 3913; x_wconf 75' lang='grc' dir='ltr'><strong><em>ὅταν</em></strong></span> <span class='ocrx_word' id='word_1_293' title='bbox 603 3855 779 3928; x_wconf 84' lang='grc' dir='ltr'><strong><em>γένωνται</em></strong></span> <span class='ocrx_word' id='word_1_294' title='bbox 797 3850 932 3916; x_wconf 75' lang='grc' dir='ltr'><strong><em>ἐκεῖσε,</em></strong></span> <span class='ocrx_word' id='word_1_295' title='bbox 950 3844 1209 3923; x_wconf 87' lang='grc' dir='ltr'><strong><em>ταράσσονται.</em></strong></span> 
     </span>
    </p>

    <p class='ocr_par' dir='ltr' id='par_1_10' title="bbox 293 3933 1358 4010">
     <span class='ocr_line' id='line_1_37' title="bbox 293 3933 1358 4010; baseline -0.005 -15"><span class='ocrx_word' id='word_1_296' title='bbox 293 3945 317 4006; x_wconf 84' lang='grc'><strong><em>1)</em></strong></span> <span class='ocrx_word' id='word_1_297' title='bbox 329 3940 509 3996; x_wconf 78' lang='lat' dir='ltr'><strong>Romanorum</strong></span> <span class='ocrx_word' id='word_1_298' title='bbox 518 3940 631 4010; x_wconf 89' lang='lat' dir='ltr'><strong>imperio</strong></span> <span class='ocrx_word' id='word_1_299' title='bbox 641 3940 743 3995; x_wconf 88' lang='lat' dir='ltr'><strong>Nemea</strong></span> <span class='ocrx_word' id='word_1_300' title='bbox 751 3937 786 3994; x_wconf 84' lang='lat' dir='ltr'><strong><em>ad</em></strong></span> <span class='ocrx_word' id='word_1_301' title='bbox 795 3940 881 4005; x_wconf 82' lang='lat' dir='ltr'><strong>Argos</strong></span> <span class='ocrx_word' id='word_1_302' title='bbox 891 3936 1025 3990; x_wconf 72' lang='lat' dir='ltr'><strong>manslata</strong></span> <span class='ocrx_word' id='word_1_303' title='bbox 1034 3938 1105 3988; x_wconf 89' lang='lat' dir='ltr'><strong>sunt.</strong></span> <span class='ocrx_word' id='word_1_304' title='bbox 1125 3933 1254 4003; x_wconf 79' lang='lat' dir='ltr'><strong>Polyb.V</strong></span> <span class='ocrx_word' id='word_1_305' title='bbox 1267 3938 1322 3999; x_wconf 89' lang='grc'><strong><em>101,</em></strong></span> <span class='ocrx_word' id='word_1_306' title='bbox 1334 3940 1358 3990; x_wconf 80' lang='lat'><strong><em>5.</em></strong></span> 
     </span>
    </p>
   </div>
   <div class='ocr_carea' id='block_1_6' title="bbox 204 4025 421 4084">
    <p class='ocr_par' dir='ltr' id='par_1_11' title="bbox 204 4025 421 4084">
     <span class='ocr_line' id='line_1_38' title="bbox 204 4025 421 4084; baseline -0.014 -2"><span class='ocrx_word' id='word_1_307' title='bbox 204 4027 283 4084; x_wconf 86' lang='lat' dir='ltr'><strong>Diod.</strong></span> <span class='ocrx_word' id='word_1_308' title='bbox 299 4025 365 4080; x_wconf 85' lang='lat' dir='ltr'><strong><em>XIX</em></strong></span> <span class='ocrx_word' id='word_1_309' title='bbox 380 4029 421 4080; x_wconf 85' lang='grc'><strong><em>64.</em></strong></span> 
     </span>
    </p>
   </div>
   <div class='ocr_carea' id='block_1_7' title="bbox 0 0 1548 4774">
    <p class='ocr_par' dir='ltr' id='par_1_12' title="bbox 0 0 1548 4774">
     <span class='ocr_line' id='line_1_39' title="bbox 0 0 1548 4774; baseline 0 1"><span class='ocrx_word' id='word_1_310' title='bbox 0 0 1548 4774; x_wconf 95' lang='lat' dir='ltr'><strong><em> </em></strong></span> 
     </span>
    </p>
   </div>
  </div>
 </body>
</html>
