3088 4774
547 273 578 327 B.
606 269 657 326 DE
674 271 894 326 TARAXIPPO.
1252 269 1290 328 91

141 447 266 514 sionem
289 447 437 512 omisisse
458 446 619 531 putandus
643 452 699 512 est.
743 445 814 511 Hoc
840 445 970 528 quidem
993 444 1144 526 exempla
1165 443 1291 510 docent.

139 548 212 613 Iam
239 568 335 631 porro
363 568 435 614 cum
458 547 667 614 Antimachus
689 546 890 614 Thebaidem
919 548 966 614 eis
995 546 1191 630 temporibus
1218 566 1291 612 con-

140 651 273 732 ceperit,
297 651 412 732 quibus
428 649 590 732 Euripidis
607 649 776 732 Hippolyti
799 655 830 715 et
852 648 1022 732 Sophoclis
1045 647 1196 714 Phaedra
1217 667 1292 731 age·

140 751 273 834 bantur,
304 751 391 818 haud
413 753 568 818 absonum
591 750 670 815 mihi
692 751 820 817 videtur
841 750 891 817 his
919 771 992 816 eum
1013 751 1131 816 fabulis
1154 770 1293 816 commo·

141 860 211 919 turn
240 874 331 920 suurn
357 856 576 938 Taraxippum
598 853 640 918 ad
667 853 909 918 similitudinem
930 853 1017 919 illius
1039 873 1061 919 a
1082 853 1231 936 Neptuno
1259 853 1293 916 in

141 955 313 1040 Hippolyti
340 958 516 1040 perniciem
544 976 607 1021 non
637 955 761 1021 scilicet
783 956 816 1020 in
839 956 1012 1021 certamine
1035 955 1124 1021 missi
1147 954 1295 1021 effecisse

141 1058 230 1136 (Eur.
247 1057 569 1141 Hippol.1201-48.
592 1058 648 1123 cfr.
668 1055 743 1122 Sen.
761 1055 930 1124 Phaedrae
951 1058 1159 1135 1000—117).
1198 1055 1294 1134 Quod

142 1161 172 1226 si
195 1160 396 1243 conceditur,
426 1163 530 1245 ipsum
553 1158 720 1224 Phoebum
748 1178 902 1241 equorum
929 1160 1123 1226 turbatorem
1152 1165 1208 1223 aut
1229 1159 1294 1222 iam

142 1260 354 1328 Antimachus
378 1281 395 1328 e
418 1263 541 1344 cyclica
555 1261 734 1343 Thebaide,
757 1280 840 1344 quae
862 1262 939 1344 quin
961 1263 992 1329 ei
1013 1267 1089 1328 nota
1110 1261 1214 1343 fuerit,
1238 1260 1294 1325 du·
1376 1248 1379 1252 ¹

142 1365 234 1429 bium
261 1384 324 1430 non
354 1372 416 1447 est,
445 1369 586 1430 monstro
608 1363 720 1428 addito
742 1363 865 1446 recepit
889 1371 944 1430 aut
967 1364 1089 1430 Statius
1110 1361 1295 1429 Antimachi

143 1471 285 1532 monstro
313 1465 356 1532 de
384 1485 442 1532 suo
470 1465 607 1531 adiecit*
643 1464 765 1531 Horum
787 1471 892 1530 utrum
919 1486 1031 1532 verum
1054 1468 1111 1548 sit,
1141 1467 1197 1532 vix
1219 1466 1296 1531 licet

143 1568 326 1634 diiudicari.
370 1567 452 1632 Mihi
474 1566 606 1650 quidem
628 1567 710 1632 illud
732 1568 802 1633 veri
824 1568 951 1633 videtur
974 1568 1119 1634 similius.

230 1670 338 1736 Noxia
359 1675 501 1735 monstra
522 1669 641 1752 Apollo
663 1669 728 1734 iam
751 1669 785 1733 in
806 1670 930 1734 Arctini
951 1670 1099 1752 lliupersi
1121 1671 1217 1753 misit,
1240 1670 1297 1734 ubi

143 1777 255 1839 contra
276 1772 509 1854 Laocoontem,
539 1772 739 1837 sacerdotem
762 1772 804 1836 ab
827 1791 865 1837 ec
895 1773 1084 1852 alienatum,
1113 1773 1208 1838 ambo
1231 1790 1295 1838 ser-

142 1879 257 1957 pentes
281 1893 299 1939 e
322 1874 403 1939 mari
426 1879 601 1957 emergunt.
646 1873 795 1938 Ceterum
817 1873 897 1938 talia
921 1878 1063 1938 monstra
1084 1894 1148 1939 non
1170 1893 1297 1956 semper

142 1977 265 2041 malum
288 1974 433 2041 indicant
456 1981 488 2041 et
509 1974 656 2041 afferunt.
690 1976 727 2039 In
750 1975 913 2058 Apollonii
936 1975 1055 2041 Rhodii
1071 1977 1296 2058 Argonautiois

143 2078 201 2155 (IV
218 2080 300 2142 1364
312 2078 394 2160 sqq.)
423 2079 591 2160 Neptunus
620 2078 815 2160 Argonautis
843 2073 1011 2160 πελώριον
1038 2075 1148 2142 ἵππον
1178 2097 1196 2143 e
1224 2097 1296 2160 pro·

143 2179 245 2246 fundo
268 2180 374 2262 mittit,
398 2180 453 2262 qui
476 2179 522 2245 cis
545 2181 632 2245 viam
654 2185 817 2245 monstret.

231 2281 380 2364 Denique
403 2282 436 2345 in
452 2279 673 2364 Sophoclis
689 2281 816 2346 Electra
836 2284 901 2357 (vv.
919 2283 980 2345 698
992 2287 1075 2363 sqq.)
1090 2299 1195 2364 neque
1218 2279 1296 2346 deos

144 2401 251 2464 neque
273 2385 400 2448 omnino
423 2403 540 2448 numen
562 2384 661 2448 ullum
684 2402 783 2465 equos
804 2383 1054 2465 perterrefacere
1076 2384 1232 2467 reperies:
1255 2401 1298 2447 ex

144 2491 279 2550 naturae
301 2485 530 2574 consequentia
552 2505 662 2552 omnes
684 2505 776 2551 casus
798 2485 886 2551 liunt.
930 2485 1063 2554 Sincere
1087 2487 1297 2570 paedagogus

144 2591 255 2651 narrat
281 2589 347 2662 (vv.
365 2589 426 2650 724
439 2588 521 2670 sqq.)
543 2586 699 2654 Aenianis
728 2607 827 2671 equos
857 2588 1095 2672 obstupefactos
1122 2588 1298 2670 circumagi

147 2694 180 2753 et
210 2707 280 2753 cum
302 2688 438 2754 Barcaei
466 2708 559 2754 curru
588 2709 785 2756 concurrere.
829 2690 911 2756 Item
933 2690 1054 2758 Orestis
1083 2692 1182 2759 tristis
1205 2710 1298 2759 casus

147 2807 365 2872 equorumque
387 2809 543 2873 praeceps
565 2791 642 2874 fuga
665 2811 703 2857 eo
724 2793 914 2876 probantur,
944 2793 1031 2876 quod
1059 2798 1175 2861 metael
1188 2795 1221 2859 in
1243 2814 1298 2859 an·

145 2892 248 2956 fractu
271 2889 312 2956 de
328 2891 503 2973 improviso
519 2898 609 2959 rotae
630 2892 808 2959 modiolum
825 2895 983 2978 impingit.
1018 2895 1191 2979 Displicuit
1214 2899 1298 2962 enim

146 2990 302 3073 Sophocli
324 2991 404 3058 deus
427 3012 468 3057 ex
490 2993 649 3061 machina.
672 3031 714 3041 —

233 3093 373 3159 Primam
401 3095 580 3178 Taraxippi
612 3098 807 3164 mentionem
839 3100 966 3181 reperio
995 3099 1027 3163 in
1054 3099 1299 3183 Aristopha-

148 3197 211 3262 nis
234 3196 403 3278 Equitibus
432 3200 474 3275 (v.
491 3199 581 3282 247),
609 3199 664 3264 ubi
693 3201 840 3266 similiter
865 3206 962 3283 atque
984 3200 1016 3265 in
1039 3200 1299 3269 Acharuensibus

147 3300 191 3376 (v.
207 3299 269 3362 280
281 3300 363 3381 sqq.)
386 3296 558 3365 choreutae
587 3301 669 3366 inter
691 3321 727 3368 se
749 3301 974 3386 adhortantur,
1000 3308 1035 3366 ut
1055 3302 1300 3386 Paphlagonem

146 3400 335 3466 verberibus
357 3401 442 3465 male
464 3401 617 3467 mulcent:

255 3529 338 3582 παῖε
360 3531 443 3584 παῖε
465 3516 531 3585 τὸν
546 3522 735 3606 πανοῦργον
756 3523 813 3588 καὶ
835 3514 1184 3607 ταραξιππόστρατον.

147 3637 222 3704 Non
244 3638 413 3721 intellego,
435 3659 491 3704 cur
513 3639 658 3707 Kockius
680 3640 743 3708 hoc
764 3643 923 3708 vocabulo
946 3643 1118 3709 circensem
1142 3641 1299 3724 Taraxip-

147 3759 224 3824 pum
247 3738 421 3822 significari
443 3748 548 3825 neget.
558 3741 578 3818 ¹)
616 3744 718 3810 Immo
739 3744 846 3827 potius
868 3763 932 3809 una
953 3764 995 3810 ex
1016 3745 1080 3810 illis
1096 3743 1299 3826 compositio·

236 3943 260 4005 1)
278 3938 379 3995 Adnot.
398 3942 432 3994 ad
451 3943 524 4000 hunc
542 3959 661 3999 versum:
681 3939 738 3998 ‘An
756 3942 807 3996 den
827 3942 959 3998 Poseidon
982 3939 1161 4016 ταράξιππος
1177 3945 1215 3999 ist
1230 3943 1301 3999 wohl

149 4023 308 4082 sohwcrlich
326 4041 361 4079 τα
378 4020 503 4082 sennen?
