3096 4766
251 297 294 357 42
636 296 672 350 ll.
699 296 750 349 DE
767 295 891 350 Laevo
908 295 1018 351 omo.

251 471 446 548 debemua1)
472 470 675 535 Manifestum
690 477 740 535 est
753 477 790 535 ut
803 468 966 535 homiuem
976 469 1160 536 bislextrum
1171 472 1215 537 ad
1228 473 1424 556 quamlibet

251 593 320 640 rem
342 572 543 655 habiliorem,
565 575 614 639 sio
627 592 745 655 equum
759 571 823 638 lroe
835 571 934 638 modo
953 574 1165 638 exereitamm
1186 583 1220 640 et
1240 576 1422 640 exeultum

251 677 286 742 iu
307 677 428 760 apertis
449 676 573 758 eampis
587 683 674 741 eerte
695 676 796 740 multo
810 676 971 740 utiliorem
992 693 1064 740 esse
1085 696 1182 758 quam
1203 677 1335 741 laevum
1357 676 1421 741 id-

252 779 338 844 eireo
359 797 498 861 quoque,
520 778 598 860 quia
618 797 720 861 equus
733 778 836 842 altero
856 777 959 842 latere
972 777 1125 859 fatigatus
1141 784 1266 842 mutata
1284 777 1420 860 pedum

252 881 486 964 glomeratione
506 881 608 946 altero
630 879 811 945 recentibus
832 879 956 972 rinfous
976 887 1083 962 potest
1103 899 1250 962 pergere

337 982 489 1047 Diximus
509 1001 608 1064 supra
628 985 671 1064 lp.
688 983 742 1056 37)
764 1000 807 1046 ex
829 981 1040 1064 quadrupedo
1068 1002 1224 1065 equorum
1246 982 1351 1065 gradu
1375 983 1417 1046 in

253 1084 468 1150 monumentis
499 1082 628 1166 depieto
660 1082 743 1147 nihil
774 1083 817 1148 de
848 1085 921 1167 gyri
951 1086 1085 1167 regione
1115 1105 1213 1168 posse
1245 1084 1415 1150 eoueludi.

253 1186 356 1252 Immo
378 1187 477 1251 etiam
498 1186 657 1267 imagines
674 1186 787 1268 aliqua
800 1205 842 1250 ex
856 1192 949 1268 parte
962 1193 1075 1252 eontra
1089 1207 1130 1253 es
1143 1195 1297 1270 pugnant,
1320 1206 1415 1270 quae

253 1287 409 1355 haetenus
431 1286 474 1352 tle
493 1287 589 1351 laevo
611 1305 692 1370 gyro
715 1294 747 1352 et
766 1287 977 1370 quadrupedo
992 1288 1095 1369 gradu
1110 1288 1186 1354 lmio
1199 1309 1281 1373 gyro
1295 1309 1415 1355 neees-

254 1392 340 1458 sario
362 1388 607 1471 disputavimus.
652 1387 807 1453 Videmus
828 1390 914 1453 enim
940 1392 1058 1456 multos
1080 1410 1181 1474 equos
1202 1394 1237 1456 in
1258 1393 1413 1457 eertami·

254 1495 349 1559 nibus
370 1511 451 1572 nou,
480 1497 516 1555 ut
536 1489 671 1571 debent,
698 1491 845 1571 sinistra,
866 1509 979 1556 vemm
1000 1492 1116 1558 dextra
1136 1493 1413 1577 quadrupedatim

255 1601 377 1660 euntes.
420 1593 512 1658 Haeo
532 1611 603 1675 res,
632 1611 715 1674 quae
736 1591 893 1674 nondum,
915 1592 1004 1675 quod
1024 1596 1137 1678 miror,
1160 1597 1334 1662 observata
1356 1597 1412 1678 sit,

254 1696 400 1781 pluribus
413 1695 563 1778 persequi
575 1714 614 1759 eo
626 1693 729 1776 magis
739 1712 860 1776 operae
873 1696 1011 1777 pretium
1022 1703 1081 1778 est,
1097 1697 1184 1780 quod
1196 1705 1316 1763 eertam
1330 1699 1411 1764 arti·

255 1801 350 1865 fieum
371 1798 500 1863 illorum
516 1798 623 1878 legem
636 1796 861 1878 investigaturi
874 1815 994 1862 sumus.
1029 1789 1221 1882 Priusquam
1234 1807 1343 1866 autem
1364 1799 1413 1865 ad

255 1921 324 1968 rem
334 1901 439 1985 ipsam
448 1897 651 1979 aooedums,
658 1898 771 1962 talium
782 1916 887 1964 rernm
898 1899 1065 1981 imperitos
1075 1901 1278 1985 quadrupedi
1287 1901 1412 1986 gradus

256 2006 380 2071 ratione
401 2003 545 2069 imbuam
566 2008 701 2083 oportet
738 1998 834 2078 Quod
848 2002 960 2083 paneis
982 2003 1185 2071 lineamentis
1199 2007 1269 2072 fieri
1290 2014 1410 2089 potest

789 2115 863 2184 neus

542 2251 787 2387 Ἢᾱω·
834 2228 836 2237 ’
880 2251 1114 2389 offis.

553 3737 637 3805 pedes
714 3741 798 3808 pedes

544 3805 659 3887 sinistri!
710 3811 799 3864 dextri

262 3957 462 3968 .-—--———

353 4007 377 4070 l)
395 4003 448 4058 Gir.
458 3999 526 4060 ‘Dar
539 3997 641 4070 Pierd',
661 4003 867 4059 commentarios
879 4017 968 4057 rerum
981 4003 1151 4070 equestrium,
1163 4002 1287 4059 Dresdae
1297 4001 1326 4058 in
1339 4001 1400 4057 oilie.

264 4089 362 4148 Friesii
380 4094 406 4144 et
424 4089 456 4146 de
474 4089 678 4157 Puttkammeri‚
698 4089 729 4146 V.
751 4092 816 4143 1889
834 4105 861 4158 p.
876 4093 935 4144 311.
