3088 4774
573 313 604 366 u.
632 312 683 366 nn
701 313 919 372 nnnnxruro.
1227 291 1228 296 ‘
1283 323 1325 380 99

168 478 231 566 γὰρ
255 476 272 547 ὃ
296 479 331 547 ἒν
349 474 519 572 Ὀλυμπίᾳ
541 483 765 567 Ταράξιππος
786 485 874 552 πολι)
898 485 937 575 δή
960 515 994 556 τι
1015 485 1211 578 ὑπερηρκώς
1234 490 1325 562 ἔστιν

168 581 202 659 ἒς
223 581 342 682 ἵππων
365 584 495 672 φόβον).
529 587 567 654 Ιυ
581 588 755 657 Isthmiaco
777 590 946 676 Glaucum,
970 592 1104 678 Sisyphi
1125 593 1238 679 tilium,
1261 598 1325 663 'la-

166 687 338 770 raxippum
367 689 466 756 fuisse
488 690 666 758 Pausanias
696 691 810 759 eodem
838 693 910 759 loco
940 701 1049 762 narrat
1077 690 1185 773 (Ἒοτι
1212 695 1326 763 δὲκαὶ

166 786 200 853 ἒν
212 780 339 873 Ἰσθμῷ
359 787 583 875 Ταράξιππος
599 791 747 869 Γλαῦκος
769 786 787 857 ὅ
810 792 980 880 Σισύφου·
1002 799 1163 881 γενέσθαι
1180 798 1216 864 δὲ
1233 791 1324 884 αὐτῷ

55 948 58 955 ,
164 888 224 974 τὴν
245 887 400 976 τελευτὴν
424 892 574 977 λέγουσιν
588 887 655 958 ὑπὸ
673 896 740 959 τιῦν
757 892 885 974 ἵππων,
910 890 1142 976 ὅτεἍκαοτος
1164 899 1206 965 τὰ
1231 886 1324 967 ἆθλα

164 990 284 1080 ’έθηκεν
308 990 367 1058 ἐπί
388 995 437 1078 τῷ
451 997 579 1080 πατρί).
613 995 676 1064 Hic
690 997 789 1080 igitur
803 999 851 1065 eis
874 996 1135 1068 adnumerandus
1160 1009 1217 1087 est,
1242 1024 1322 1088 quos

162 1096 218 1162 ille
242 1096 283 1162 de
306 1095 476 1180 Olympico
492 1099 680 1183 Taraxippo
703 1099 804 1165 verba
825 1100 950 1168 iaciens
971 1101 1074 1184 primo
1098 1103 1170 1170 loco
1194 1124 1323 1174 enume-

162 1205 221 1264 rat.
264 1198 315 1264 Ibi
338 1218 411 1264 cum
434 1199 562 1283 quade
585 1221 684 1267 cansa
706 1199 839 1268 Olenius
862 1209 895 1268 et
910 1202 1058 1268 Dameon
1080 1223 1236 1288 equorum
1259 1214 1322 1274 ter-

160 1300 242 1368 roris
264 1306 372 1384 partes
395 1303 603 1385 susceperint,
626 1323 690 1368 uon
712 1304 852 1386 perspici
878 1305 1027 1386 potnerit,
1050 1305 1114 1372 nisi
1137 1307 1320 1390 quodcum

160 1402 275 1469 Eliaca
296 1401 431 1469 historia
453 1403 592 1470 fabulari
615 1404 855 1488 quodammodo
879 1405 1107 1489 cohaerebant,
1131 1407 1173 1474 de
1195 1409 1321 1478 Glauco

159 1504 193 1570 id
216 1525 255 1572 eo
277 1506 383 1589 magis
406 1505 586 1572 mirandum
609 1511 673 1589 est,
704 1506 791 1590 quod
813 1527 975 1591 quaenam
999 1527 1051 1574 res
1082 1508 1113 1574 ei
1144 1529 1217 1576 oum
1238 1510 1320 1578 lsth-

158 1608 272 1674 miacis
294 1608 400 1690 inerit,
422 1608 537 1673 nullibi
551 1608 705 1673 traditum
729 1616 786 1675 est.
820 1608 905 1674 Nam
921 1607 1032 1674 Peliae
1050 1608 1145 1679 ludos
1167 1613 1318 1680 funebres

157 1707 247 1791 Iolci,
264 1708 298 1774 in
312 1707 432 1792 oppido
449 1709 649 1795 Magnesiae,
665 1711 845 1777 celebratos
862 1730 932 1776 esse
948 1710 1167 1791 Apollodorus
1182 1712 1252 1796 (19,
1266 1717 1319 1791 27)

156 1815 300 1877 testatur.
349 1809 503 1894 Suspicor
531 1812 629 1895 igitur
657 1812 801 1878 fabulam
831 1810 996 1894 quandam
1024 1809 1088 1877 huc
1117 1821 1318 1896 spectantem

155 1913 279 1996 perisse
302 1933 365 1979 nno
388 1914 502 1979 relicto
524 1914 673 1996 vestigio.
714 1912 812 1979 Pater
835 1914 920 1979 enim
936 1913 1016 1994 eius,
1039 1911 1210 1998 Sisyphus,
1233 1917 1318 1984 Isth·

154 2016 261 2080 miaca
282 2015 459 2082 instituisse
481 2022 628 2081 narratur
652 2014 758 2093 (Paus.
774 2015 807 2079 Π
824 2019 852 2098 1,
870 2018 911 2089 3).
947 2014 987 2080 Id
1008 2034 1086 2081 vero
1109 2023 1222 2083 notatu
1244 2017 1315 2103 dig·

153 2137 228 2182 num
252 2115 380 2184 videtur
403 2119 500 2184 etiam
516 2118 549 2182 in
564 2115 687 2184 Isthmo
703 2115 835 2183 heroem
857 2135 916 2199 pro
937 2115 1095 2182 daemone
1119 2137 1219 2201 equos
1241 2138 1314 2202 per·

153 2219 284 2284 terrenti
305 2217 451 2286 habitum
474 2238 556 2301 esse,
579 2219 612 2284 id
635 2219 722 2303 quod
743 2237 864 2283 novum
888 2224 1110 2300 argumentum
1134 2221 1312 2287 sententiae

151 2340 242 2387 meae
264 2319 305 2388 de
328 2322 518 2404 antiquitate
541 2322 610 2388 eius
625 2321 752 2404 generis
767 2321 1024 2403 Taraxipporum
1040 2321 1188 2403 prolatae
1209 2340 1300 2388 acce·

150 2423 206 2488 dit.
236 2423 320 2501 Quid
335 2423 457 2506 igitur?
486 2422 522 2489 Si
538 2422 708 2507 Olympiae
730 2423 897 2506 Neptunus
919 2422 1077 2505 Equester
1094 2423 1299 2507 Taraxippus

148 2525 271 2610 luisset,
293 2545 399 2592 nonne
420 2527 521 2592 multo
537 2526 640 2608 magis
655 2526 689 2591 in
702 2525 835 2607 Isthmo,
858 2524 913 2590 ubi
930 2529 1057 2606 praeter
1073 2532 1196 2591 ceteros
1218 2525 1297 2592 deos

147 2628 179 2691 in
203 2626 325 2693 honore
348 2635 426 2711 erat,
449 2631 483 2693 in
505 2629 561 2694 illo
585 2647 712 2711 qnoque
735 2627 929 2694 discriminis
946 2627 1018 2692 loco
1042 2645 1115 2691 eum
1138 2628 1201 2694 coli
1224 2649 1297 2695 con·

147 2735 333 2795 scntanenm
356 2729 450 2796 erat?
490 2730 559 2795 Nec
580 2730 711 2796 fortuito
733 2730 853 2795 lactum
875 2748 948 2795 reor
970 2728 1004 2792 in
1025 2726 1218 2811 Olympiaco
1240 2750 1296 2813 po·

145 2830 302 2896 tissimum
332 2837 365 2897 et
392 2832 426 2896 in
452 2830 627 2898 Isthmiaco
654 2830 877 2914 hippodromis
906 2828 1066 2896 eiusmodi
1093 2831 1297 2916 Taraxippos

144 2931 259 2998 luisse:
282 2931 316 2996 hi
339 2933 423 2998 enim
439 2932 652 3015 antiquissimi
668 2932 866 2998 fabulositati
881 2932 1021 2997 maxime
1040 2939 1132 2998 erant
1154 2933 1295 2998 obnoxii.

144 3034 293 3118 Namque
320 3035 354 3099 in
383 3033 515 3116 reliquis
544 3033 668 3100 duobus
698 3052 851 3115 equorum
879 3033 1093 3099 consternatio
1115 3032 1158 3098 ad
1180 3052 1296 3100 causas

143 3136 341 3203 referebatur
372 3137 548 3202 naturales:
581 3135 637 3200 ubi
670 3134 773 3200 cultus
802 3153 928 3216 quoque
956 3133 1127 3216 religiosus
1160 3135 1207 3200 eis
1240 3133 1294 3200 de-

142 3237 241 3305 fuisse
270 3238 476 3304 coniciendus
505 3244 562 3304 est.
606 3237 655 3302 Ac
683 3236 724 3301 de
753 3236 917 3302 Nemeaeo
946 3234 1077 3318 quidem
1106 3233 1295 3301 haecdicit

142 3346 254 3407 auctor
275 3346 398 3407 noster:
425 3331 489 3423 ,hv
505 3340 622 3422 Νεμέᾳ
645 3334 681 3400 δὲ
702 3328 915 3422 τῄἈργείιον
936 3332 1025 3422 ἥρως
1039 3334 1100 3417 μὲν
1121 3320 1161 3422 ἦν
1184 3327 1294 3412 οὐδεὶς

140 3431 235 3518 ὅστις
263 3439 410 3524 ’ἔβλαπτε
437 3439 515 3516 τοὺς
536 3437 681 3517 ἵππους,
709 3440 836 3522 πέτρας
865 3436 901 3502 δὲ
922 3431 1026 3520 ὑπὲρ
1049 3438 1128 3501 τῶν
1150 3434 1294 3500 ἵππων

139 3540 211 3630 τὴν
233 3540 399 3629 καμπὴν
422 3534 637 3627 ἀνεστηκυίας
655 3537 759 3622 χρόαν
782 3542 920 3625 πυρρᾶς,
943 3535 962 3624 ἡ
987 3529 1051 3603 ἄπ’
1074 3528 1177 3621 αὐτῆς
1199 3526 1291 3621 αὐγή,

138 3641 223 3708 κατὰ
245 3636 351 3709 ταύτὰ
373 3646 429 3710 καλ
451 3642 482 3710 εἰ
503 3645 581 3725 πῦρ,
606 3640 752 3707 ἐνεποίει
775 3639 883 3728 φόβον
904 3653 976 3717 τοῖς
997 3639 1121 3714 ἵπποις
1130 3646 1152 3702 “.
1199 3639 1293 3707 Unde

139 3746 331 3814 concludere
361 3747 437 3814 licet
465 3746 551 3813 huno
584 3744 828 3828 hippodromum
860 3745 894 3809 in
927 3744 1047 3809 vallem
1079 3741 1217 3807 collibus
1251 3760 1293 3806 ex

138 3850 241 3916 tribus
269 3849 413 3931 partibus
442 3848 685 3916 circumclusam
716 3866 750 3913 se
779 3845 1033 3921 insinuavisse.¹)
1081 3843 1178 3907 Talia
1207 3845 1291 3909 euim

224 4004 248 4064 t)
272 3998 326 4053 Cir.
345 3997 422 4052 Pind.
440 3997 517 4052 Nem.
536 3997 577 4050 Ill
597 3999 642 4050 18:
665 3992 698 4052 ἐν
718 3993 874 4069 βαθοπέόῳ
896 3992 1002 4071 Νεμέᾳ.
1036 3991 1075 4045 VI
1092 3995 1139 4045 44:
1164 3993 1293 4058 δασκίοις

138 4086 297 4149 Φλιοῦντος
327 4075 379 4139 ὑπ’
406 4075 532 4154 ιῦγογίοο
565 4077 670 4154 ὄρεσιν.
714 4080 755 4135 Ol.
781 4079 821 4133 lx
844 4082 891 4133 8⁵1:
926 4077 1039 4146 Νεμέας
1068 4071 1143 4196 κατὰ
1169 4071 1289 4134 κόλπον.

1050 4167 1064 4215 λ’
