3088 4774
252 224 292 282 ao
651 223 683 277 a.
709 223 760 277 on
778 205 998 278 ratrammo.

252 404 398 481 equestre
428 404 589 464 certamen
616 417 749 462 narrans
778 417 817 462 eo
845 398 887 463 ab
909 397 966 462 illc
988 395 1164 478 discrepat,
1194 393 1289 477 quod
1312 413 1403 476 equo·

250 521 320 567 rum
342 500 613 583 perturbationem
636 502 700 578 (vv.
718 501 877 575 351-68)
898 498 941 564 ad
959 499 1136 564 naturalem
1153 517 1289 563 causam
1313 497 1407 561 refert

251 604 296 668 ita
319 603 460 685 quidem,
482 608 518 667 ut
539 604 684 668 Actaeon
706 603 748 668 ad
771 601 897 666 Phauni
920 600 1111 684 quadrigam
1133 607 1166 666 et
1188 618 1295 681 equos
1318 617 1407 681 prae·

251 704 449 772 tervehendo
479 723 549 770 sese
570 705 744 788 impingat,
775 711 807 768 et
835 710 958 774 tantum
980 702 1133 768 Scelmim
1155 701 1197 766 ab
1220 699 1408 767 Erechtheo

251 807 414 890 praecurri
435 806 600 872 Minervae
628 808 798 873 invocatae
825 805 1009 889 longinquis
1037 803 1341 870 machinationibus
1366 809 1410 866 at-

251 910 363 974 tribuit
384 913 448 984 (vv.
466 911 635 987 315—45).

337 1011 432 1076 Nova
447 1029 599 1092 equorum
615 1008 879 1076 consternationis
897 1009 1021 1092 species
1044 1009 1077 1072 in
1093 1008 1217 1075 Statii
1234 1006 1410 1073 Thebaide

252 1113 382 1179 obviam
404 1111 447 1177 fit.
492 1114 575 1178 Nam
599 1132 670 1178 oum
692 1111 779 1195 apud
800 1111 975 1176 Homerum
998 1111 1130 1193 eiusque
1153 1116 1337 1177 sectatores
1361 1108 1412 1174 dei

251 1214 315 1297 ipsi
326 1235 426 1296 equos
438 1216 490 1280 vel
502 1234 602 1297 prope
617 1216 671 1281 vel
687 1235 729 1280 ex
744 1207 921 1296 lon'ginquo
935 1218 1142 1295 perterreant,
1159 1210 1212 1277 hic
1228 1213 1412 1287 rv1491-

250 1321 289 1405 .5¹
298 1320 326 1391 1)
337 1316 486 1382 Phoebus
501 1317 571 1399 ipse
586 1317 620 1381 iu
635 1316 754 1381 circum
764 1314 962 1382 descendere
976 1335 1041 1380 uou
1055 1315 1133 1380 satis
1148 1313 1248 1380 habet
1262 1319 1312 1393 (v.
1326 1315 1411 1395 493),

252 1438 363 1484 verum
387 1418 483 1484 etiam
505 1418 806 1484 formidolosissimo
829 1418 927 1482 utitur
949 1423 1103 1483 monstro:
1265 1417 1267 1423 ‘

377 1529 434 1600 ‘At
455 1537 514 1600 tibi
535 1538 710 1619 promissos
732 1536 919 1602 iamdudum
942 1536 1093 1601 Phoebus
1115 1535 1263 1619 honores,

378 1637 586 1722 Amphiarae,
610 1640 706 1720 cupit.
751 1639 897 1704 Tandem
918 1646 1006 1704 ratus
1027 1645 1105 1721 apta
1125 1639 1230 1704 favori

380 1741 540 1823 Tempora
561 1742 709 1823 pulverei
730 1743 819 1806 veuit
840 1743 873 1806 in
895 1741 1000 1824 spatia
1023 1738 1155 1806 horrida
1176 1741 1263 1823 circi,

381 1843 461 1908 Cum
485 1844 549 1908 iam
572 1844 605 1908 in
627 1842 690 1908 fine
712 1844 788 1910 viae
811 1851 844 1909 et
865 1863 1024 1908 summum
1047 1843 1182 1908 victoria
1203 1849 1308 1908 nutat.

380 1947 613 2029 Anguicomam
635 1946 767 2011 monstri
791 1943 942 2028 effigiem,
965 1945 1156 2011 saevissima
1178 1946 1251 2012 visu

381 2045 455 2130 Ora,
479 2053 588 2113 movet
610 2047 680 2113 sive
702 2048 758 2112 ille
781 2046 887 2112 Erebo
910 2067 967 2112 seu
989 2045 1083 2111 finxit
1105 2047 1138 2111 in
1160 2054 1233 2112 actu

381 2152 560 2233 Temporis,
583 2151 751 2215 innumera
772 2155 858 2214 certe
880 2149 1049 2214 formidine
1073 2150 1192 2214 cultum

380 2252 481 2317 Tollit
501 2255 536 2317 iu
557 2258 645 2318 astra
665 2243 770 2317 nefas'
797 2272 824 2317 e.
841 2270 871 2333 q.
888 2270 912 2316 s.

338 2371 505 2435 Subtiliter
525 2391 593 2435 rem
615 2371 770 2435 iudicanti
793 2369 893 2452 inepti
909 2368 1032 2452 aliquid
1055 2368 1135 2433 mihi
1155 2368 1284 2436 videtur
1299 2371 1335 2435 in
1360 2367 1409 2432 his

252 2474 367 2538 inesse.
396 2471 510 2538 Nonne
525 2473 630 2555 ipsum
645 2470 812 2535 Phoebum
828 2473 861 2535 in
876 2491 1007 2537 arenam
1026 2472 1136 2537 venire
1150 2490 1281 2554 prorsus
1297 2489 1408 2556 super·

253 2593 430 2638 vacaneum
454 2574 525 2640 est?
571 2575 621 2640 Ne
643 2574 810 2655 Neptunus
840 2571 970 2654 quidem
993 2572 1164 2656 Hippolyti
1193 2593 1293 2656 equos
1317 2592 1408 2640 mon·

252 2682 376 2741 struoso
399 2682 490 2742 tauro
512 2677 546 2740 in
569 2681 722 2741 terrorem
745 2676 906 2742 coniciens
929 2675 999 2758 ipse
1020 2676 1087 2740 ullo
1110 2675 1208 2741 modo
1231 2677 1407 2760 comparet.

253 2776 358 2842 Credo
380 2778 478 2861 igitur
499 2779 802 2844 contaminationem
825 2776 887 2843 hoe
908 2779 982 2843 loco
1000 2779 1111 2844 latere.
1146 2777 1237 2855 Quae
1259 2780 1324 2843 utri
1349 2774 1407 2842 cri·

144 2913 146 2918 s
253 2879 332 2948 mini
354 2877 463 2963 detur,
492 2887 596 2947 utrum
618 2882 722 2948 Statio
744 2887 854 2947 nostro
879 2901 921 2946 an
950 2881 1019 2947 eius
1046 2881 1186 2962 auctori,
1216 2900 1281 2945 non
1302 2879 1407 2946 ausim

253 2989 340 3047 certo
359 2982 476 3049 dicere.
511 2985 652 3049 Auctore
672 2989 780 3049 autem
803 3002 878 3049 usus
902 3002 972 3049 esse
995 2983 1117 3049 Statius
1139 2988 1295 3064 censetur,
1320 2977 1407 3066 quod

251 3084 295 3148 ad
318 3086 484 3150 materiem
506 3087 629 3166 attinet,
652 3085 854 3151 Antimacho.
894 3085 993 3152 Utin
1016 3086 1139 3170 cyclica
1154 3083 1325 3150 Thebaide
1340 3083 1406 3148 Ho-

253 3187 334 3252 meri
355 3188 477 3252 nomini
499 3187 699 3270 adscripta1),
722 3189 769 3254 sic
791 3188 889 3253 etiam
910 3189 944 3253 in
959 3187 1143 3254 Antimachi
1166 3188 1243 3269 quin
1264 3186 1333 3251 ludi
1356 3186 1406 3250 fu·

252 3289 367 3354 nebres
390 3290 423 3353 in
444 3287 633 3354 Archemori
662 3288 815 3356 honorem
838 3291 981 3356 Nemeac
1008 3291 1087 3356 facti
1109 3290 1227 3356 fuerint
1255 3286 1405 3367 enarrati,

253 3391 310 3456 vix
332 3396 439 3473 potest
460 3389 640 3465 dubitari.²)
672 3391 742 3457 Nec
755 3394 860 3458 minus
876 3392 997 3474 dubito,
1021 3393 1098 3473 quin
1120 3394 1153 3458 in
1175 3392 1316 3475 equestri
1338 3409 1405 3456 cer·

253 3494 373 3558 tamine
396 3511 548 3574 equorum
572 3492 769 3575 perturbatio
792 3494 878 3559 facta
900 3493 957 3574 sit,
981 3493 1057 3574 quia
1082 3495 1187 3560 nullus
1210 3494 1331 3577 epicus,
1354 3491 1405 3558 eui

254 3601 402 3678 equestre
431 3600 593 3661 certamen
621 3593 869 3661 describendum
898 3600 981 3676 erat,
1011 3596 1109 3660 talem
1134 3596 1291 3679 pingendi
1314 3613 1404 3662 occa·

341 3816 364 3880 1)
380 3813 510 3868 Welcker
528 3829 570 3882 ep.
584 3812 658 3882 cycl.
670 3811 706 3865 Il.
724 3828 751 3880 p.
765 3814 891 3866 aso-53.

339 3901 364 3963 2)
382 3898 419 3951 ib.
433 3913 460 3965 p.
474 3901 538 3952 352:
553 3892 617 3951 ‘Die
629 3896 830 3962 Beschreibung
840 3910 894 3950 uon
905 3893 1110 3966 Kampispieleu
1127 3897 1164 3952 ist
1175 3896 1235 3952 eine
1251 3896 1308 3951 last
1325 3898 1404 3952 noth·

252 3983 371 4051 wendige
388 3983 509 4052 Episode
527 3982 573 4036 des
591 3981 790 4049 kriegerischen
807 3971 900 4048 Epos'
