3088 4774
268 284 330 344 106
567 285 597 339 0.
624 284 675 338 DE
693 283 878 339 MENSURIS
896 283 1117 352 QUIBUSDAM.

267 458 376 525 decies
399 457 518 524 circum
545 463 664 522 metam
686 455 823 539 (τύμβον
844 457 882 526 0.
898 456 1125 541 Schneiderus,
1149 461 1271 544 φίτρον
1287 453 1409 522 Heokc·

266 561 331 636 rus)
355 558 515 643 quendam
537 556 668 627 flexisse
690 580 802 626 versus
825 566 874 626 est
895 561 1063 626 sententia.
1104 560 1195 628 Haec
1216 561 1260 626 de
1283 559 1411 642 longitu-

266 661 342 727 dine
364 662 486 744 spinae.

352 763 454 830 Venio
476 764 519 830 ad
540 763 821 846 latitudinem,
846 764 886 830 de
909 783 1027 846 quane
1043 783 1141 829 unum
1164 763 1298 847 quidem
1321 762 1413 828 diser·

266 872 333 931 tum
348 867 564 933 testimonium
587 873 702 933 exstat.
739 865 896 949 Coniugio
915 865 1012 948 igitur
1033 864 1077 930 ad
1098 865 1256 932 rationem
1279 871 1312 931 et
1334 862 1413 945 cogi·

265 969 418 1035 tationem
441 969 602 1052 profectus
624 969 665 1034 ab
688 969 745 1034 illo
767 967 939 1032 Pindarico
961 967 1032 1034 loco
1056 966 1162 1052 (Pyth.
1179 968 1208 1033 V
1224 972 1265 1032 50
1282 964 1414 1048 Bergkl:

362 1117 395 1185 ἒν
417 1117 734 1202 τεσσαράκοντα
755 1116 818 1204 γὰρ
841 1117 1059 1184 πετόντεσσιν
1083 1111 1230 1200 ἁνιόχοις
1253 1109 1334 1183 ὅλον

363 1220 484 1309 δίφρον
505 1219 658 1302 κομίξαις
680 1214 821 1305 ἀταρβεῖ
841 1225 939 1308 φρενί

360 1307 465 1407 ἦλθες
487 1317 549 1410 ἤδη
571 1321 709 1406 Λιβύας
729 1321 849 1389 πεδίον
872 1321 905 1399 ἐξ
928 1315 1060 1406 ἀγλαῶν

361 1419 497 1490 dedicio
518 1427 575 1491 καὶ
596 1427 772 1508 πατρωΐαν
795 1423 908 1490 πόλιν.

264 1579 315 1643 Ex
336 1577 398 1645 hoc
420 1579 492 1647 looo
520 1585 667 1663 apertum
689 1584 738 1645 est
764 1577 979 1662 quadraginta
1005 1577 1179 1662 quadrigas
1202 1598 1265 1645 uno
1290 1577 1416 1644 eodem·

264 1699 327 1764 que
349 1681 449 1746 missu
471 1682 504 1746 in
527 1680 664 1765 Pythico
687 1680 748 1748 hoc
777 1681 950 1747 certamine
979 1685 1136 1762 certasse,
1163 1699 1224 1746 nec
1252 1680 1415 1762 intellego,

263 1802 363 1865 qnare
386 1783 518 1865 quidam
540 1784 673 1849 nimium
695 1802 765 1850 esse
788 1781 872 1848 huno
897 1801 1064 1848 numerum
1085 1783 1147 1847 rati
1169 1781 1267 1848 aliam
1292 1787 1415 1850 senten·

263 1885 342 1949 tiam
364 1905 603 1968 -quaenam,
631 1905 695 1951 non
724 1884 896 1951 dicunt-
918 1884 1027 1949 verbis
1056 1884 1188 1950 subesse
1212 1885 1414 1950 arbitrentur.

262 1986 422 2053 Numerus
444 1984 693 2072 τεσσαράκοντα
713 2007 778 2052 non
799 1991 906 2070 potest
927 1991 1094 2069 corruptus
1112 2005 1192 2071 esse,
1216 1987 1295 2069 quia
1318 1987 1414 2051 mino·

262 2107 331 2155 rem
352 2096 453 2156 metro
475 2096 585 2172 aptum
607 2090 664 2155 vix
686 2090 836 2173 reperies.
872 2086 977 2153 Simul
991 2088 1150 2170 videmus,
1173 2107 1271 2170 quam
1288 2087 1414 2156 casibus

262 2191 405 2257 obnoxia
425 2192 483 2257 illa
505 2193 681 2258 certamina
702 2192 838 2272 fuerint,
863 2190 1023 2273 siquidem
1045 2189 1203 2274 (larrhoti,
1227 2191 1283 2273 qui
1306 2191 1414 2258 salvus

262 2293 305 2358 ad
328 2294 448 2360 calcem
469 2297 618 2378 pervenit
632 2287 785 2378 (ἀταρβεῖ
804 2296 902 2377 φρενί
916 2320 958 2343 --
974 2283 1152 2378 ἀκηράτοις
1168 2285 1280 2368 ἁνίαις
1303 2314 1335 2359 v.
1354 2290 1413 2369 33),

260 2397 381 2461 aemuli
410 2396 625 2480 quadraginta
652 2399 704 2470 (an
727 2394 1064 2478 undequadragintall
1084 2394 1313 2461 detrimentum
1332 2394 1414 2459 fece·

260 2501 342 2560 runt.
380 2497 451 2563 Hoc
473 2504 578 2562 autem
602 2497 744 2563 concedo
767 2496 980 2579 quadraginta
995 2496 1224 2580 quadrigarum
1246 2512 1413 2562 numerum

260 2617 319 2682 pro
331 2617 391 2664 usu
402 2618 563 2682 magnum,
579 2598 715 2663 fortasse
726 2598 901 2661 maximum
911 2616 992 2680 esse,
1009 2599 1065 2681 qui
1081 2598 1250 2664 decurrere
1264 2597 1414 2682 potuerit,

261 2698 338 2780 quia
358 2706 465 2782 poeta,
488 2705 523 2765 ut
545 2696 734 2765 Carrhotum
756 2698 879 2764 maiore
901 2699 998 2766 laude
1020 2702 1164 2785 extollat,
1188 2720 1260 2767 eum
1284 2701 1413 2766 omnino

260 2799 363 2866 affert.

345 2901 497 2968 Totidem
519 2923 597 2969 uero
619 2902 662 2968 ad
685 2903 862 2984 minimum,
888 2907 967 2985 quot
989 2902 1178 2986 Delphicus,
1203 2901 1413 2989 Olympiaeus

260 3003 490 3087 hippodromus
518 3006 657 3090 spatium
686 3005 874 3089 praebuisse
901 3003 1062 3088 putandus
1089 3011 1146 3072 est.
1191 3003 1227 3071 Si
1249 3007 1349 3090 igitur
1371 3004 1413 3071 ad

259 3107 402 3189 singulas
425 3108 599 3192 quadrigas
621 3107 824 3192 recipiendas
853 3109 1008 3174 stationes
1031 3108 1098 3172 3m
1121 3107 1290 3174 latitudine
1316 3109 1411 3175 suffe·

259 3211 342 3276 cisse
365 3211 529 3293 sumimus,
552 3212 639 3278 basis
660 3229 775 3294 prorae
791 3208 847 3276 SD
870 3208 914 3275 ad
935 3209 1101 3276 minimum
1126 3213 1186 3274 120
1202 3231 1233 3274 nr
1256 3212 1323 3276 lata
1346 3215 1413 3276 erat

261 3313 349 3391 (vide
376 3312 415 3379 G.
438 3313 614 3379 Hermanni
640 3313 899 3395 explicationem.
932 3311 1030 3395 Hipp.
1054 3311 1182 3396 Olymp.
1205 3331 1236 3394 p.
1262 3315 1330 3396 10),
1361 3311 1411 3379 cui

259 3416 363 3497 spatio
391 3415 485 3481 rostri
513 3412 650 3480 latitudo
681 3414 884 3498 inexplorata
915 3412 1068 3478 addenda
1100 3420 1158 3481 est.
1209 3415 1309 3481 Porro
1340 3434 1410 3482 oum

259 3523 428 3599 utrumque
455 3535 571 3599 prorae
599 3518 683 3582 latus
710 3517 784 3600 plus
812 3515 1061 3598 quadringentos
1089 3516 1190 3598 pedes
1219 3520 1272 3594 (=
1291 3519 1351 3580 120
1367 3517 1409 3591 ιιι)

258 3618 357 3683 latum
386 3618 486 3685 luisse
507 3616 685 3684 Pausanias
715 3619 785 3700 ipse
813 3623 946 3684 testetur
975 3617 1097 3700 (vlno,
1115 3619 1182 3701 11),
1211 3619 1320 3684 omnia
1348 3620 1409 3684 tria

257 3738 373 3801 prorae
394 3721 497 3786 latera
517 3720 610 3803 paria
624 3719 707 3784 inter
722 3739 757 3786 se
778 3719 878 3785 fuisse
902 3716 1046 3783 efficitur.
1082 3716 1176 3794 Quod
1192 3721 1313 3802 optime
1336 3741 1409 3787 con·

258 3823 368 3887 venire
390 3841 484 3888 nemo
507 3820 703 3887 infitiabitur.

341 3923 412 3991 Hoc
433 3924 547 3989 baseos
570 3923 708 4006 spatium
729 3921 757 3988 si
779 3921 991 4005 duplicamus,
1014 3919 1057 3987 ad
1078 3921 1175 3990 totius
1197 3942 1314 3991 arenae
1336 3924 1407 3990 lati·

256 4023 400 4090 tudinem
421 4025 636 4109 pervenimus,
659 4043 743 4107 quae
766 4029 815 4090 est
838 4026 899 4086 240
914 4042 956 4088 m.
