3096 4766
281 315 321 373 32
567 314 602 371 D.
628 315 679 370 DE
697 313 935 370 HlPPODROMO
954 314 1148 370 STATIANO.

282 489 430 572 geminae
444 495 556 572 turres,
572 508 655 572 quae
670 490 704 554 in
719 489 812 556 circis
824 489 978 556 Romanis
993 523 1034 533 —
1048 489 1089 554 de
1100 489 1233 555 Graecis
1248 489 1452 556 testimonia

281 590 397 656 desunt
426 625 467 635 -
496 592 622 673 utrique
652 611 815 657 carcerum
843 590 900 655 fini
929 592 1099 674 impositae
1128 597 1227 656 erant
1277 591 1450 656 Diversae

283 693 367 758 enim
389 712 442 758 res
462 694 681 776 prominentes
704 692 842 758 aStatio
865 692 928 759 hoc
949 693 1107 760 vocabulo
1130 690 1303 775 significari
1325 699 1448 758 osten-

281 795 395 862 derunt
416 796 566 861 Amarius
588 801 620 860 et
641 795 819 860 Lemairius
846 795 880 860 in
909 794 1050 860 editione
1079 813 1138 860 sua
1158 793 1201 858 ad
1223 795 1325 859 1377.
1372 795 1449 860 Ac-

281 896 377 980 cedit,
400 897 487 980 quod
505 897 575 963 veri
597 916 742 964 carceres
762 898 908 980 postibus
924 897 1139 962 Romanorum
1162 914 1250 962 more
1272 896 1448 979 praeclusi

280 1004 568 1065 commemorantur
589 1020 620 1065 v.
638 1001 714 1063 392:

689 1124 775 1183 stant
797 1137 860 1183 uno
882 1118 1027 1200 margine
1050 1117 1151 1182 clausi

281 1245 313 1305 et
335 1237 516 1304 evidentius
539 1257 592 1302 vv.
609 1238 670 1302 389
683 1257 745 1318 sq:

689 1356 820 1437 impulsi
841 1361 1003 1437 nequeunt
1026 1354 1181 1421 obsistere
1203 1359 1311 1437 postes

387 1457 608 1539 claustraque,
633 1476 835 1539 compressae
858 1457 1047 1522 transfumat
1068 1455 1228 1523 anhelitus
1249 1457 1326 1522 irae.

281 1576 353 1642 lloc
375 1595 502 1659 quoque
525 1595 567 1641 ex
584 1576 800 1641 Romanorum
823 1576 1053 1643 consuetudine
1074 1574 1182 1640 fictum
1205 1582 1254 1641 est
1275 1575 1442 1657 imagines

280 1698 401 1762 pompa
414 1684 488 1744 ante
504 1683 665 1743 certamen
687 1698 745 1761 per
767 1679 886 1745 circum
909 1677 1026 1744 deduci
1048 1679 1113 1755 (vv.
1129 1680 1192 1741 265
1208 1696 1276 1759 sqq.
1299 1677 1354 1743 cfr.
1374 1675 1439 1743 Ov.

281 1801 344 1847 arn.
367 1782 414 1846 ΙΙΙ
437 1783 466 1863 2,
489 1785 530 1843 44
542 1784 634 1863 sqq).
679 1780 731 1845 Ab
753 1779 819 1863 his,
843 1800 923 1863 quas
946 1780 1053 1847 adhuc
1075 1779 1178 1861 attuli,
1200 1780 1295 1844 rebus
1317 1779 1439 1842 mirum

281 1888 434 1966 quantum
457 1882 619 1965 discrepat
641 1889 797 1948 metarum
821 1881 993 1965 descriptio
1017 1903 1069 1947 vv.
1086 1883 1250 1945 351—54:

387 2003 544 2069 Metarum
566 2002 668 2068 instar
690 2006 760 2067 erat
781 2000 856 2068 hinc
876 2000 963 2068 nudo
986 2001 1101 2066 robore
1124 2018 1269 2082 quercus,

388 2104 473 2170 Olim
496 2124 607 2171 omnes
630 2110 728 2169 exuta
750 2123 868 2185 eomas,
892 2102 967 2170 hinc
989 2121 1105 2169 saxeus
1128 2103 1225 2168 umbo

388 2207 517 2272 Arbiter
538 2206 706 2289 agricolis:
732 2203 828 2270 finem
851 2206 935 2270 iacet
955 2205 1039 2270 inter
1059 2210 1236 2288 utrumque,

388 2307 491 2385 Quale
514 2314 627 2391 quater
650 2309 755 2374 iaculo
777 2307 926 2389 spatium,
949 2312 998 2371 ter
1020 2305 1199 2372 harundine
1221 2305 1341 2371 vincas.

281 2429 355 2493 Non
378 2427 461 2509 dico,
485 2427 571 2508 quod
594 2425 675 2492 duas
697 2433 800 2491 metas
822 2426 930 2508 posuit
946 2458 983 2468 —
1001 2446 1075 2490 nam
1098 2423 1160 2491 hoc
1182 2446 1255 2491 cum
1269 2424 1384 2490 Nonne
1401 2430 1433 2488 et

281 2528 400 2606 Quinto
416 2534 449 2592 et
463 2547 540 2593 suae
556 2529 685 2593 omnino
705 2529 821 2593 aetatis
837 2547 895 2592 usu
911 2547 1079 2594 commune
1094 2528 1124 2593 ei
1141 2532 1246 2593 est-
1261 2525 1319 2592 sed
1334 2526 1430 2609 quod,

282 2631 337 2713 qui
363 2628 575 2712 hippodromo
605 2629 799 2696 exstruendo
829 2635 939 2695 artem.
952 2629 1158 2712 adhiberent,
1187 2648 1243 2696 eos
1267 2635 1431 2695 nemetes

282 2731 413 2815 quidem
429 2730 619 2797 artificiosas
641 2730 787 2797 effecisse
802 2751 861 2797 nos
877 2732 946 2796 vult
961 2731 1101 2798 eredere.
1138 2731 1247 2797 Paene
1262 2731 1429 2797 ridiculum

283 2839 340 2915 est,
364 2853 435 2899 cum
457 2832 602 2914 alioquin
624 2831 666 2898 de
687 2851 816 2916 aggere,
840 2833 881 2900 de
904 2835 1096 2918 carceribus,
1118 2833 1159 2899 de
1179 2834 1317 2900 turribus
1332 2833 1431 2899 verba

281 2936 396 3017 faciat,
426 2955 489 3000 uno
513 2955 584 3000 eum
608 2933 752 3000 anhelitu
774 2935 857 3002 viles
879 2937 952 3003 illas
975 2943 1072 3019 atque
1095 2937 1240 3003 exoletas
1263 2942 1363 3000 metas
1383 2935 1429 2998 in·

281 3037 408 3103 ducere.
445 3035 568 3102 Vereor
589 3055 630 3101 11
646 3035 779 3101 Homeri
800 3037 1028 3120 intempestiva
1050 3038 1187 3104 imitatio
1210 3040 1259 3117 (Ψ
1274 3040 1429 3114 att-33)

281 3138 375 3205 ludos
405 3139 435 3204 ei
462 3139 583 3204 fecerit.
628 3137 742 3204 Utrum
770 3157 905 3220 quercus
933 3157 974 3202 an
1004 3139 1088 3221 lapis
1117 3141 1249 3206 interior
1274 3148 1360 3207 meta
1379 3140 1428 3222 sit,

280 3249 391 3325 aperte
413 3261 570 3324 nusquam
591 3239 712 3307 dictum
734 3247 797 3305 est:
820 3240 939 3307 etenim
954 3260 985 3304 v.
1001 3243 1062 3304 479
1086 3252 1350 3308 commemoratur
1363 3247 1428 3306 tan·
1525 3239 1526 3244 ’

282 3350 348 3409 tum
371 3344 439 3409 sine
461 3343 530 3407 ulla
551 3343 618 3407 alia
634 3341 878 3424 significatione.
916 3340 1075 3418 Quoniam
1091 3349 1197 3408 autem
1212 3347 1318 3408 1351
1338 3345 1429 3409 arbor

281 3447 388 3529 priore
409 3445 481 3510 loeo
503 3443 646 3528 affertur,
669 3443 753 3510 hanc
767 3465 789 3509 a
811 3444 993 3509 carceribus
1016 3444 1049 3508 in
1071 3463 1203 3508 arenam
1225 3446 1427 3529 prospicienti

282 3548 421 3631 priorem
442 3547 541 3612 fuisse
564 3545 711 3610 arbitror.
748 3544 816 3610 Sed
838 3543 900 3611 hoc
914 3545 1097 3610 leviculum.
1135 3545 1182 3610 llo
1199 3564 1326 3629 quoque
1342 3553 1426 3612 natu-

282 3652 382 3716 ralem
405 3655 436 3715 et
458 3649 551 3732 quasi
574 3648 736 3713 lortuitam
759 3647 900 3730 speciem
922 3645 1125 3730 hippodromi
1148 3666 1278 3713 servare
1300 3648 1425 3730 studuit,

282 3751 369 3834 quod
392 3756 497 3817 metae
519 3770 583 3816 111
605 3750 687 3815 inter
709 3767 744 3815 se
767 3749 954 3815 coniunctae
978 3755 1051 3816 sunt
1072 3748 1174 3830 spina.
1214 3749 1325 3816 Potest
1346 3756 1424 3814 certe

281 3855 315 3919 in
336 3859 426 3919 tanta
448 3871 594 3918 curruum
615 3850 777 3934 paucitate
800 3851 894 3933 spina
916 3850 1029 3930 omitti,
1051 3850 1109 3915 sed
1132 3870 1204 3915 cum
1226 3851 1316 3916 illum
1334 3871 1423 3934 agge·

281 3975 349 4021 rem
369 3961 440 4019 arte
462 3960 657 4020 exstructum
671 3953 824 4036 posuerit,
847 3952 926 4035 quid
940 3953 1099 4033 obstabat,
1122 3954 1291 4035 quominus
1306 3954 1423 4035 spinam
1524 3987 1525 3990 =

282 4076 409 4140 quoque
424 4055 582 4139 poneret?
613 4054 663 4120 Ne
678 4054 713 4120 id
728 4053 860 4137 quidem
873 4062 1023 4122 accurate
1038 4055 1261 4138 comperimus,
1285 4055 1422 4137 quotiens
