3088 4774
520 293 554 346 A.
582 289 633 344 DE
651 287 888 346 GARGERIBUS.
1243 290 1283 351 73

118 460 238 527 verbis
259 461 464 546 significatur.
508 464 578 547 Ego
601 463 695 530 credo
718 463 898 546 agonistas,
922 464 1039 550 quippe
1062 462 1117 545 qui
1139 463 1283 530 certandi

118 561 236 628 studio
266 572 297 630 et
326 565 424 630 variis
453 566 580 631 casibus
609 565 746 648 diducti,
776 571 854 646 quot
882 567 1036 632 curricula
1062 567 1283 649 confecissent,

119 666 225 732 facile
254 667 516 732 obliviscerentur
527 669 568 751 ¹),
598 668 696 734 tubae
724 687 801 734 sono
830 667 966 733 monitos
995 687 1081 748 esse,
1111 686 1181 732 cum
1211 669 1282 733 ulti-

121 788 216 832 mum
239 769 428 834 curriculum
450 769 640 854 inciperent,
670 775 704 836 ut
727 775 879 853 quantum
906 770 1044 853 impetus
1065 769 1098 833 in
1120 770 1211 851 equis
1233 791 1281 836 re·
1376 833 1378 839 .

121 876 313 937 servassent
324 871 367 955 ²),
394 878 516 936 tantum
539 889 632 937 omne
654 871 852 938 remitterent
873 891 913 936 ac
934 892 1030 955 quam
1051 880 1182 956 possent
1204 872 1279 938 cita·

122 973 253 1038 tissime
276 993 370 1038 cursu
392 972 601 1039 decertarent.
639 973 710 1039 Huc
724 974 845 1058 optime
862 975 1008 1056 quadrat,
1031 972 1116 1056 quod
1132 975 1280 1040 continuo
1361 1043 1364 1052 ,

123 1075 170 1140 de
195 1074 411 1141 decertatione
433 1095 538 1143 sermo
560 1083 616 1142 est.
659 1075 744 1155 Quid
768 1075 867 1159 ergo?
890 1095 960 1142 cum
982 1075 1077 1140 finem
1099 1075 1281 1141 certaminis

122 1178 208 1242 tuba
230 1177 365 1243 indicari
386 1176 568 1261 videamus,
591 1197 694 1243 nonne
718 1176 830 1244 eodem
852 1177 921 1245 iure
943 1177 1022 1244 tube
1041 1176 1283 1260 significabatur

122 1280 276 1348 initium?

214 1382 323 1448 Potuit
344 1401 430 1465 sane,
452 1381 515 1447 nisi
536 1382 614 1448 tuba
635 1382 750 1465 placet,
773 1380 856 1446 alins
878 1381 962 1446 aeris
983 1381 1134 1464 clangore
1156 1381 1281 1462 signum

124 1485 274 1552 mittendi
289 1485 369 1566 dari,
391 1485 488 1566 velut,
510 1491 545 1549 ut
559 1482 646 1567 apud
661 1503 728 1566 nos,
744 1482 957 1549 tintinnabuli.
992 1482 1030 1548 Id
1045 1483 1172 1549 demum
1189 1482 1281 1548 titulo

124 1587 279 1670 Pergami
299 1587 479 1671 nuperrime
501 1592 626 1670 reperto
653 1592 686 1652 et
707 1605 727 1649 a
751 1584 942 1651 Fraenkelio
964 1586 996 1650 in
1015 1579 1282 1667 ‘Antiquitatibus

123 1679 348 1772 Pergamenis'
375 1687 465 1772 (VIII
483 1693 509 1755 1.
531 1706 562 1769 p.
580 1690 608 1752 8.
632 1688 691 1753 No.
711 1685 763 1769 10)
777 1687 895 1769 edito³)
910 1687 1037 1752 ridetur
1050 1689 1194 1771 iudicari,
1218 1707 1281 1770 quo

126 1789 319 1874 Olympiaca
346 1791 462 1870 Attali,
490 1790 591 1873 patris
619 1790 722 1855 Attali
745 1789 782 1872 I.,
810 1790 944 1856 victoria
973 1790 1106 1854 curtulis
1134 1783 1282 1874 (Ἁλεῑος

126 1893 306 1978 στέφανος)
329 1891 516 1958 celebratur.
555 1891 637 1957 Sunt
659 1896 767 1957 autem
789 1910 899 1958 versus
922 1892 984 1956 huc
1004 1898 1187 1976 spectantes
1209 1892 1280 1957 hice

125 1995 194 2079 (vv.
213 1995 323 2076 1-8):

172 2143 309 2235 [πολ]λά
338 2147 399 2231 μὲν
428 2143 464 2228 ἒν
485 2141 648 2232 Λ[ιβ]ύης
678 2129 782 2244 [ussi-3²
810 2137 985 2232 ἕρμα[τ]α,
1017 2143 1128 2211 πολλὰ
1156 2141 1186 2210 d'
1214 2141 1277 2213 ἄντ’

625 2335 636 2344 .
940 2241 1116 2334 ’Ἀργευ[ς],

215 2347 351 2438 [nemci
375 2350 410 2416 δὲ
432 2347 595 2436 ττ[ι]είρης
616 2345 698 2436 ἦλθ’
724 2340 793 2413 dard
820 2349 1016 2438 Θεσσαλίης,

97 2443 100 2448 ’
172 2451 285 2542 [οῐ]σιν
308 2448 573 2541 ἐ’ν[η]ρι[θμ]εῑτο
596 2453 651 2518 καί
670 2443 859 2516 Ἀττάλου·
883 2444 1023 2537 ἀθρόα
1045 2445 1077 2516 δ’
1103 2451 1234 2544 ὕσπληξ

212 2554 348 2621 πάντα
371 2553 428 2621 διὰ
452 2555 618 2640 στρεπτοῦ
639 2545 777 2641 τείν[ατ’
804 2547 936 2640 ί]χουσα
958 2553 1059 2635 κάλω,

127 2675 141 2720 u
171 2645 214 2747 [ἦ]
237 2649 323 2743 μέγ’
350 2652 673 2744 [ἐπ]α[χ]ήσασα
694 2652 785 2732 θοὰς
806 2653 946 2744 ἐξήλασε
968 2655 1113 2737 πώλους,

213 2760 249 2826 αἱ
272 2759 308 2825 δὲ
331 2758 388 2825 διὰ
411 2759 549 2824 σταδίου
572 2754 696 2823 πυκνὸν
717 2751 832 2842 dpayp'
859 2756 979 2845 ἔφερον

172 2857 272 2928 ἄλλοι
294 2855 350 2927 ’ἐντ’
378 2854 463 2926 ἄλλα
485 2865 640 2925 θέουσαι.
685 2853 702 2925 ὃ
728 2852 760 2924 d'
782 2853 946 2926 Ἀττάλου
969 2857 1042 2939 ἶσος
1065 2854 1189 2949 timida]

214 2963 334 3051 δίφρος
357 2956 410 3029 ἀεὶ
432 2966 600 3047 προτέραν
622 2963 747 3027 ποσσὶν
770 2960 888 3048 ἔφαινε
909 2961 1010 3028 κόνιν.

131 3119 209 3184 Cum
224 3119 308 3185 enim
325 3138 355 3182 v.
371 3122 390 3181 5
406 3116 478 3201 ipsa
491 3111 624 3201 ὕσαληξ
638 3115 763 3181 dicatur
778 3117 843 3182 alte
857 3115 1036 3182 insonuisse
1051 3106 1136 3198 (μιν
1156 3112 1280 3200 ἐααχή-

132 3219 247 3303 σασα),
271 3239 335 3286 non
357 3218 488 3284 dubium
511 3223 575 3299 est,
602 3217 678 3298 quin
700 3217 783 3283 aeris
806 3219 937 3297 clangor
958 3218 1093 3283 fortasse
1117 3237 1187 3282 cum
1209 3216 1280 3301 ipso

132 3325 203 3390 fune
226 3323 335 3403 aliquo
357 3319 453 3386 modo
476 3319 644 3402 coniuncti,
666 3338 729 3400 quo
745 3319 870 3398 signum
886 3318 1001 3383 missus
1015 3316 1154 3383 faciendi
1169 3318 1281 3384 datum

133 3426 180 3504 sit,
203 3422 406 3506 significetur.
444 3420 588 3500 Quocum
611 3421 707 3502 plane
729 3419 879 3485 convenit
900 3439 1012 3486 versus
1032 3419 1128 3485 Anth.
1149 3421 1217 3486 Pal
1232 3419 1281 3484 XI

134 3553 331 3564 ..-....-----

217 3632 240 3692 1)
257 3624 289 3678 In
307 3621 436 3678 Romanis
461 3619 542 3675 circis
565 3618 664 3688 singuli
688 3619 817 3675 circuitus
834 3619 874 3674 lte
897 3621 1075 3688 notabantur,
1097 3622 1128 3674 ut
1144 3635 1228 3674 unum
1246 3634 1281 3674 ex

133 3715 233 3781 septem
251 3709 308 3764 ovis
326 3708 359 3762 de
377 3707 456 3775 spina
474 3706 634 3760 demeretur.

215 3799 239 3861 2)
258 3795 342 3862 Soph.
355 3793 397 3845 El.
411 3795 475 3846 734:
492 3787 594 3862 ἤλαυνε
607 3784 635 3846 δ’
647 3785 770 3864 ἔσχατος
780 3790 834 3860 μὲν
844 3787 967 3862 ὑστέρας
979 3786 1052 3860 ἔχων
1067 3791 1072 3851 Ι
1087 3783 1201 3852 πώλους
1212 3779 1281 3860 'opo

135 3901 205 3952 σιης,
223 3883 265 3954 τῷ
283 3878 357 3934 τέλει
375 3879 469 3933 πίστιν
486 3876 591 3949 φέρων.

215 3968 240 4028 3)
260 3963 352 4017 Debeo
371 3961 451 4016 huius
469 3961 541 4016 tituli
563 3961 687 4016 notitiem
704 3959 797 4015 Curtio
815 3959 1010 4028 Wschsmuth,
1033 3957 1078 4028 qui
1101 3972 1161 4011 eum
1182 3957 1280 4012 libera·

136 4050 193 4104 liter
211 4063 315 4103 mecum
335 4047 548 4102 communicarit.
