3096 4766
252 1333 633 1456 Godolredillermanni,
646 1366 937 1454 ‘grammaticorum
954 1369 1096 1455 equitum
1112 1360 1312 1451 doctissimi’,

165 1471 285 1538 calcari
305 1472 454 1538 incitatus
482 1494 554 1539 cum
576 1473 640 1538 iam
671 1471 846 1539 tirunculus
867 1471 1051 1555 philologus
1074 1470 1259 1538 animalium
1282 1477 1314 1536 et

164 1573 357 1640 nobilissimi
385 1579 417 1640 et
445 1574 606 1640 utilissimi
635 1574 775 1665 studium
803 1579 952 1659 apatre,
979 1580 1015 1640 ut
1043 1573 1155 1657 credo,
1182 1573 1312 1639 insitum

164 1681 263 1757 atque
273 1695 294 1739 a
305 1675 442 1761 pueritia
454 1677 555 1743 fotum
571 1696 643 1743 cum
658 1676 835 1763 philologia
850 1696 913 1743 uno
928 1675 1004 1757 iugo
1019 1674 1210 1756 coniungere
1222 1674 1314 1758 quasi

164 1778 272 1844 furtim
300 1785 433 1845 conatus
455 1779 532 1863 sim,
561 1779 651 1845 cuius
673 1778 810 1862 coniugii
832 1777 989 1863 primitias
1017 1777 1313 1860 quantulascunque

164 1880 209 1946 ad
231 1881 351 1947 calcem
381 1880 463 1964 legis
485 1880 794 1947 Commentationum
820 1879 1129 1962 Ribbeckianarum,
1157 1878 1314 1963 gliscente

165 1983 269 2066 magis
297 1981 465 2068 magisque
496 1981 543 2049 rei
576 1981 790 2050 oblectatione
822 1982 866 2047 ad
898 1981 957 2049 hos
990 1999 1118 2066 quoque
1151 1999 1314 2048 sermones

167 2090 332 2167 equestres
355 2082 579 2168 concipiendos
601 2105 653 2150 me
675 2083 809 2150 accinxi.

250 2188 356 2268 Atque
379 2206 451 2251 cum
472 2185 575 2270 primo
598 2186 759 2271 quaslibet
774 2183 973 2267 antiquitatis
994 2203 1045 2249 res
1064 2189 1227 2266 equestres
1234 2181 1258 2268 ¹)
1280 2184 1314 2249 in

167 2286 306 2353 scidulas
321 2307 411 2353 meas
426 2288 636 2370 collegissem,
657 2286 835 2374 paullatim,
858 2293 893 2352 ut
907 2285 1085 2371 pyramidis
1106 2286 1313 2368 architectos,

168 2391 331 2473 materiem
360 2390 523 2473 copiosam
550 2390 584 2456 in
611 2391 731 2456 arctius
760 2388 947 2456 contrahere
974 2392 1103 2456 coactus
1140 2388 1314 2454 certamina

167 2493 327 2576 equestria
349 2492 447 2575 elegi,
470 2510 553 2574 quae
575 2492 760 2575 diligentius
783 2489 1036 2571 considerarem,
1064 2512 1127 2558 non
1153 2490 1239 2574 qnod
1261 2490 1315 2558 hic

166 2596 368 2680 potissimum
395 2614 473 2678 ager
500 2593 630 2660 cultoris
659 2600 764 2662 aratro
793 2592 963 2677 caruisset,
991 2593 1050 2660 sed
1079 2594 1164 2677 qnod
1189 2595 1314 2679 frugum

166 2697 380 2764 fertilissimus
407 2702 463 2762 cst.
508 2695 664 2774 Quoniam
692 2701 799 2763 autem
829 2695 862 2760 in
890 2695 1105 2763 Romanorum
1134 2697 1229 2763 rebus
1257 2697 1314 2761 cir·

168 2800 320 2865 censibus
333 2798 511 2864 accuratius
526 2797 781 2884 contemplandis
799 2797 900 2864 mnlto
922 2796 1030 2880 plures
1051 2798 1113 2864 viri
1135 2798 1221 2864 docti
1242 2819 1314 2882 pro·

168 2923 244 2969 nam
271 2921 330 2985 pro
357 2899 491 2966 fontium
520 2899 671 2984 largitate
700 2919 809 2966 curam
838 2907 1012 2985 posuemnt
1040 2920 1136 2984 quam
1160 2900 1193 2964 in
1216 2899 1313 2967 crae-

169 3023 292 3085 corum,
322 3001 372 3068 his
401 3020 531 3086 operam
559 3002 692 3068 navanti
720 3021 758 3068 eo
786 3001 900 3069 melius
933 3001 1049 3068 mereri
1081 3000 1160 3066 mihi
1191 3001 1313 3068 videor.

167 3107 260 3172 Nunc
289 3101 418 3187 quidem
447 3104 585 3170 selectas
601 3104 709 3190 ‚modo
733 3102 888 3187 quasdam
916 3103 1119 3185 quaestiones
1141 3101 1314 3189 hippodro-

168 3209 268 3275 micas
290 3205 387 3274 edere
408 3205 513 3272 lubuit
533 3206 615 3272 alias
637 3206 772 3293 posthac
786 3207 923 3274 fortasse
942 3205 1019 3302 data
1034 3206 1201 3273 occasione
1222 3204 1313 3271 addi-

168 3317 249 3377 turo.
292 3308 363 3387 Quo
386 3308 470 3375 enim
492 3307 632 3375 maxime
654 3307 778 3375 animus
800 3307 953 3389 allicitur,
975 3313 1011 3374 nt
1033 3308 1225 3393 equestrium
1248 3328 1313 3374 cer-

168 3412 322 3477 taminum
337 3431 358 3476 a
372 3409 485 3494 primis
499 3411 542 3477 ad
557 3410 732 3477 novissima
753 3407 952 3493 antiquitatis
968 3415 1113 3495 tempora
1127 3429 1314 3495 progressus

170 3510 317 3579 historice
346 3513 593 3597 perlustrentur,
622 3512 657 3579 id
686 3532 707 3578 a
735 3511 878 3577 tantulae
900 3510 1199 3578 dissertatiunculae
1221 3530 1314 3594 argn-

169 3618 276 3678 mento
303 3613 442 3681 alienum
470 3615 577 3698 potius
606 3613 713 3699 operis
746 3613 896 3680 universa
928 3613 991 3680 huc
1018 3613 1198 3699 spectantia
1230 3633 1313 3680 com-

168 3712 296 3800 plexuri
317 3715 385 3781 crit.

256 3904 280 3965 1)
302 3897 444 3968 Adolphus
466 3900 666 3966 Schliebcnius,
694 3901 795 3956 ordinis
817 3900 987 3955 tormentarii
1010 3899 1066 3954 dux
1089 3900 1264 3967 Borussicus,
1286 3902 1315 3956 in

168 4001 214 4050 eo,
244 3998 324 4053 quem
353 3982 387 4038 de
412 3985 487 4052 cquis
514 3985 683 4055 antiquitatis
713 3985 836 4055 scripsit,
865 3986 933 4040 libro
960 3985 1126 4051 (Ncuwidiae
1152 3990 1180 4038 et
1205 3985 1315 4055 Lipsiae

168 4055 430 4142 ctolocdcnxvss)
446 4069 585 4124 materiem
602 4071 687 4138 magis
706 4069 840 4138 congessit
856 4086 936 4139 quam
953 4070 981 4124 in
1000 4084 1079 4124 usum
1096 4085 1174 4124 suum
1192 4069 1314 4124 contulit.

218 4162 338 4206 Pollack.
1096 4159 1107 4208 1
