3096 4766
282 279 324 338 34
568 278 602 331 Ι).
629 277 680 332 DE
698 275 940 332 HIPPODROMO
959 276 1151 332 STATIANO.

282 473 352 520 sum
376 452 494 535 singuli
517 453 592 534 equi
613 452 825 535 appellantur.
869 448 979 515 Possis
997 457 1121 536 putare,
1144 449 1199 515 ubi
1222 451 1315 518 unius
1340 450 1459 516 modo

283 555 358 638 equi
373 572 490 620 nomen
505 553 667 635 afferatur,
689 553 735 619 ibi
751 571 793 622 ex
810 571 899 618 more
914 552 1130 618 Romanorum
1152 552 1314 618 sinistrum
1339 553 1458 636 signi·

283 655 372 724 ficari
393 660 437 739 (p.
459 658 501 733 9).
546 653 613 721 Sed
634 660 859 738 praeterquam
888 652 976 737 quod
1003 655 1136 721 interior
1164 673 1280 737 equus,
1315 655 1456 737 quippe
1524 693 1525 740 ,

284 759 336 826 uui
358 758 462 824 minor
483 756 570 823 orbis
593 756 808 822 conficiendus
830 756 888 838 sit,
916 761 1044 839 praeter
1072 763 1195 823 ceteros
1223 756 1353 822 incitari
1376 776 1456 821 non

283 862 376 942 solet,
398 859 528 925 Arionis
550 878 677 941 quoque
700 858 849 940 exemplo
871 857 1139 950 haeoscntentia·
1155 859 1295 925 reicitur.
1340 857 1453 923 Hunc

285 964 386 1045 enim,
410 961 465 1044 qui
487 961 574 1028 solus
597 979 615 1026 e
637 960 801 1044 Polynicis
822 961 914 1043 aquis
937 962 1064 1027 nomine
1086 960 1252 1043 laudatur,
1274 979 1339 1025 non
1364 960 1452 1026 sini·

284 1071 383 1132 strum
406 1063 559 1145 funalem,
582 1061 640 1129 sed
664 1081 759 1127 unum
773 1081 815 1128 ex
830 1063 991 1146 iugalibus
1014 1065 1243 1129 anscausus
1266 1061 1452 1128 discimus:

975 1187 1098 1247 erectus
1120 1182 1154 1246 in
1175 1200 1283 1247 armos

413 1282 485 1349 Stat
506 1282 692 1364 sosiumque
715 1283 783 1366 iugi
804 1284 1001 1366 comitesque
1023 1283 1182 1366 utrimque
1204 1282 1324 1348 laboris

413 1383 529 1449 Secum
552 1384 616 1449 alte
638 1384 805 1466 suspendit
827 1403 937 1467 equos.

372 1503 420 1568 Ao
442 1501 589 1567 dextrum
612 1502 742 1585 quidem
766 1503 862 1568 orado
885 1523 957 1569 eum
974 1504 1114 1588 iugalem
1131 1523 1212 1585 esse,
1234 1502 1263 1570 si
1278 1523 1446 1569 summum

287 1603 355 1670 eius
378 1604 530 1685 impetum
553 1611 672 1686 specto.
716 1605 830 1687 Neque
852 1607 936 1671 enim
956 1606 990 1672 id
1013 1625 1145 1673 eversu
1160 1610 1223 1669 444
1246 1605 1445 1671 concludere

286 1705 401 1771 velim:

461 1786 629 1872 Spargitur
651 1790 684 1855 in
705 1811 803 1875 gyros
825 1792 1004 1875 dexterque
1025 1799 1153 1858 exerrat
1174 1793 1283 1874 Arion,

287 1908 342 1975 ubi
364 1908 477 1974 dexter
499 1908 585 1975 idem
608 1917 657 1977 est
679 1910 766 1993 quod
787 1911 989 1977 dextrorsum
1008 1912 1121 1988 (Recte
1141 1915 1305 1977 verterunt
1320 1909 1441 1975 Binda-

287 2011 439 2078 waldius:
465 2003 561 2077 ‘nauh
584 2010 690 2078 rechts
712 2014 746 2077 in
768 2014 896 2079 weitem
919 2013 1031 2096 Bogen
1052 2003 1184 2078 abirrta'
1216 2018 1249 2078 et
1269 2011 1440 2078 Imhoiius:

213 2101 222 2126 ⁰
284 2107 365 2180 ‘und
387 2113 492 2180 rechts
514 2112 725 2180 abschweifte
741 2135 818 2180 vom
834 2105 973 2198 Wege’).
1011 2113 1168 2180 Solebanl
1189 2121 1297 2180 autem
1311 2121 1438 2181 veteres

288 2237 351 2300 quo
375 2216 489 2298 cuique
512 2216 700 2281 circensium
723 2234 876 2299 equorum
899 2217 1002 2282 maior
1024 2222 1093 2282 erat
1114 2217 1268 2299 impetus,
1299 2236 1370 2282 eum
1394 2216 1438 2282 ad

289 2319 436 2384 dextram
451 2318 594 2399 iungere,
617 2317 672 2400 qui
688 2337 758 2382 mos
780 2316 857 2381 indo
878 2319 994 2383 nostris
1017 2338 1145 2401 quoque
1168 2320 1288 2402 aurigis
1311 2319 1435 2384 mansit.

288 2418 381 2498 Quae
403 2438 475 2484 cum
498 2419 544 2482 ita
565 2419 638 2500 sint,
660 2417 861 2484 tardissimus
884 2420 1020 2501 quisque
1042 2439 1143 2502 equus
1165 2421 1207 2486 ab
1229 2421 1351 2504 aurigis
1364 2441 1435 2503 pro-

288 2521 410 2587 miscue
437 2519 572 2585 excitari
599 2518 760 2602 putandus
789 2525 846 2584 ast.
891 2520 1039 2587 Forsitan
1061 2521 1216 2604 Papinius
1241 2522 1275 2587 in
1297 2523 1435 2588 fontibus

288 2623 354 2689 suis
377 2621 517 2687 omnium
540 2622 671 2686 nomina
691 2642 755 2686 non
777 2623 945 2688 invenerit.
966 2657 1008 2666 -

374 2722 434 2788 Vr.
459 2725 520 2786 402
544 2729 576 2787 et
597 2725 659 2785 403
682 2724 715 2788 in
737 2724 827 2790 libris
850 2725 1073 2807 manuscriptis
1096 2726 1143 2791 sio
1164 2725 1316 2808 legimus:

331 2840 545 2907 Circumstant
565 2840 621 2907 fidi
644 2861 810 2924 nexusque
833 2849 864 2907 et
885 2849 970 2909 torta
991 2843 1138 2910 iubarum

332 2942 518 3026 Expediunt
539 2942 728 3026 firmantque
750 2945 874 3011 animos
897 2952 935 3010 et
955 2947 1132 3028 plurima
1153 2952 1384 3012 monstrant

289 3087 324 3150 τὸ
347 3086 419 3164 ὑπὲρ
443 3087 571 3164 Κυρήνης
595 3091 728 3150 οἰκέουσι.
765 3089 812 3149 ἐπὶ
835 3088 988 3150 θάλασσαν
1010 3093 1040 3150 δὲ
1063 3087 1097 3151 οὐ
1119 3088 1274 3166 κατήκουσι
1296 3087 1433 3168 Ἂσβὺται·

289 3173 324 3235 τὸ
348 3174 405 3250 γὰρ
432 3173 511 3248 παρὰ
538 3174 690 3235 θάλασσαν
713 3181 869 3250 Κυρηναῖοι
895 3177 1037 3256 νέμονται.
1079 3175 1376 3252 τεθριπποβάται
1399 3180 1433 3237 δὲ

290 3255 351 3320 οὐκ
369 3252 512 3332 ἥκιστα,
530 3256 618 3320 ἀλλὰ
636 3259 794 3332 μάλιστα
807 3258 955 3334 Λιβύων
972 3261 1055 3327 εἰσὶ,
1073 3259 1180 3332 νόμους
1197 3264 1227 3322 δὲ
1239 3260 1306 3330 τοὺς
1318 3269 1433 3332 πλεῦνας

289 3347 442 3418 raptae-‘lac
465 3339 659 3420 ἐπιτηδεύουσι
682 3342 750 3414 τοὺς
769 3347 945 3421 Κυρηναίων.
981 3346 1035 3401 Pro
1058 3345 1147 3402 forma
1164 3342 1295 3420 Ἀσβύται
1313 3349 1432 3406 usitatior

290 3437 332 3490 est
353 3426 503 3506 Ἀσβύσται
525 3435 566 3498 (ut
588 3432 689 3490 Gallim.
708 3432 797 3502 hymn.
815 3430 843 3485 ΙΙ
861 3434 902 3486 76.
921 3429 970 3499 ing.
992 3434 1032 3487 13.
1051 3431 1187 3501 Lycophr.
1213 3436 1261 3488 895
1287 3434 1368 3501 alibi).
1403 3435 1432 3488 Si

290 3519 405 3587 quaeris,
423 3518 470 3586 qui
487 3516 669 3586 Amphiaraus
687 3517 767 3572 huius
783 3516 871 3585 gentis
890 3530 973 3584 equos
996 3516 1135 3584 possidere
1154 3519 1281 3587 potnerit,
1300 3518 1431 3574 clarissimi

292 3602 498 3672 Cyrenaicorum
516 3603 592 3670 equi,
610 3602 657 3671 qui
673 3603 782 3669 saepius
802 3600 942 3655 titulorum
959 3600 1223 3656 Panathenaicorum
1240 3603 1389 3658 testimonio
1402 3604 1431 3658 in

291 3687 458 3743 Graecorum
477 3686 668 3741 cacuminibus
686 3687 802 3741 victores
820 3685 973 3755 prodibant,
990 3685 1057 3755 quin
1074 3686 1212 3741 aGraecis
1230 3687 1340 3757 plurimi
1355 3689 1429 3744 aesti-

291 3773 357 3824 mati
374 3778 456 3840 atque
473 3771 551 3826 valde
569 3770 681 3840 expetiti
698 3770 808 3835 fuerint,
826 3769 916 3826 nullus
935 3769 1037 3825 dubito.
1067 3769 1164 3825 Merito
1182 3771 1368 3841 Amphiaraus,
1384 3788 1429 3826 no·

291 3855 436 3910 bilissimas
455 3856 500 3909 ille
517 3855 617 3924 auriga,
636 3855 744 3925 optimis
763 3853 837 3924 equis
850 3859 1005 3910 exornatur.
1032 3853 1111 3923 Quod
1127 3857 1196 3910 enim
1209 3856 1343 3925 Asbystae
1358 3872 1428 3927 prau-

291 3940 450 3995 atantissimi
468 3940 656 4008 quadrigarum
674 3941 783 4009 aurigas
800 3939 979 4009 appellantur,
997 3940 1059 3995 inde
1076 3940 1109 3995 de
1121 3955 1251 4010 equorum
1268 3955 1372 4011 quoque
1386 3957 1427 3996 ex-

291 4024 419 4082 cellentia
438 4025 598 4081 concludere
614 4024 686 4080 licat.
1366 4039 1368 4046 ·
