3096 4766
241 326 262 382 4
329 324 351 381 1.
380 324 430 377 DE
446 323 625 392 EQUORUM
643 323 857 379 GURRIOULIS
876 323 924 376 AB
941 321 1057 376 EPICIS
1075 321 1298 377 DESCRIPTIS.

324 496 561 564 Lubentissime
583 497 666 582 epici
681 503 797 582 poetae
812 496 893 561 tales
915 495 1007 562 ludos
1023 515 1172 562 versuum
1195 495 1297 563 nitore
1319 517 1390 581 per·

240 600 341 667 secuti
362 606 444 667 sunt.
482 600 681 686 Cyclicorum
696 598 853 685 poematis
869 619 978 664 eorum
1001 597 1230 684 descriptiones
1252 597 1392 664 restituit

240 703 429 769 Welckerus
458 702 491 767 in
517 703 619 769 altero
641 702 734 785 Epici
756 701 847 785 Cycli
875 701 1036 768 uolumine
1061 700 1177 785 partim
1201 699 1391 768 testimoniis

239 804 354 888 partim
378 803 567 872 coniecturis
592 804 680 870 nisus
704 803 748 889 (p.
772 807 897 868 suo-3
920 803 1098 885 Thebaidi,
1120 825 1151 888 p.
1175 802 1391 868 5331131313-

182 893 186 904 ’
239 906 317 992 pidi,
339 929 370 993 p.
388 910 448 972 319
465 912 497 970 et
512 910 573 971 344
589 904 806 990 Oedipodeae,
829 927 859 991 p.
877 909 937 971 393
954 913 987 972 et
1002 911 1063 971 403
1080 903 1258 991 Epigonis).
1295 905 1391 986 Quod

239 1029 315 1075 vero
343 1006 458 1074 summi
486 1006 612 1074 videtur
635 1026 705 1074 esse
728 1007 895 1090 momenti,
924 1006 1011 1093 apud
1036 1009 1122 1074 solos
1144 1007 1284 1074 Graecos
1307 1008 1391 1075 eius-

239 1110 327 1177 modi
349 1109 577 1179 certationibus
600 1109 711 1176 funera
739 1110 952 1177 celebrantur:
983 1111 1187 1177 barbarorum
1211 1109 1294 1176 enim
1316 1130 1390 1177 nus-

238 1231 333 1294 quam
349 1217 645 1294 commemorantnr,
667 1232 708 1278 ne
722 1212 768 1277 ibi
783 1213 922 1293 quidem,
946 1212 1000 1276 ubi
1016 1219 1140 1296 poetae,
1162 1218 1197 1276 ut
1210 1211 1244 1277 id
1260 1212 1390 1296 faceret,

237 1315 381 1382 maxima
403 1320 473 1380 erat
494 1313 636 1397 occasio,
666 1313 809 1378 velut'in
832 1315 993 1396 exsequiis
1017 1314 1178 1398 Hectoris,
1201 1315 1390 1399 Memnonis,

237 1416 380 1499 Paridis,
402 1415 628 1482 Penthesileae
650 1414 793 1480 aliorum.
838 1416 875 1481 Id
905 1434 1008 1497 neque
1032 1416 1119 1483 casui
1141 1416 1305 1483 tribuerim
1328 1437 1391 1484 nee

236 1525 361 1604 poetas,
382 1539 423 1585 ne
445 1517 618 1583 earundem
640 1537 744 1582 rerum
763 1519 932 1585 iteratione
947 1517 1109 1584 auditores
1131 1518 1310 1604 fatigarent,
1333 1541 1389 1586 ve·

237 1621 314 1687 ritos
336 1621 396 1686 has
412 1621 597 1686 occasiones
612 1619 758 1685 omisisse
773 1618 972 1702 crediderim,
995 1619 1071 1701 quia
1085 1640 1148 1687 uno
1164 1621 1278 1688 saltem
1294 1642 1390 1688 versu

236 1743 304 1788 rem
319 1722 478 1806 attingere
492 1728 647 1806 poterant.
686 1722 789 1807 Magis
804 1722 901 1804 igitur
916 1723 1039 1789 animus
1055 1723 1197 1805 inclinat,
1218 1733 1254 1790 ut
1275 1725 1391 1790 funera
1476 1711 1482 1722 ’

237 1825 465 1892 certationibus
493 1817 606 1892 ornbta
634 1843 654 1888 a
682 1825 888 1891 barbarorum
918 1845 977 1892 usu
1005 1844 1132 1910 prorsus
1161 1825 1268 1891 aliena
1289 1825 1391 1894 fuisse

236 1927 425 1994 existimem.
459 1927 625 1994 Accedunt
646 1924 688 1991 ad
711 1926 794 1993 hanc
808 1927 1096 2011 frequentissimam
1112 1928 1305 2010 equestrium
1321 1949 1388 1996 cer·

236 2029 389 2095 taminum
413 2029 613 2096 occasionem
628 2029 693 2095 iam
709 2029 941 2112 antiquissimis
964 2031 1159 2114 temporibus
1182 2030 1265 2095 aliae
1287 2028 1387 2096 duae:

235 2132 339 2198 altera
366 2131 529 2214 religionis
558 2151 688 2216 expers,
718 2150 783 2214 qua
804 2134 892 2218 proci
915 2133 956 2199 de
983 2131 1069 2198 filiae
1093 2130 1256 2197 cuiusdam
1279 2134 1386 2198 matri·

235 2235 341 2302 monio
370 2235 550 2315 certabant,
580 2233 917 2317 utHippodamiae1),
946 2233 1130 2316 Marpessae
1158 2235 1292 2300 aliarum
1315 2233 1385 2318 (of.

234 2336 399 2402 Welckeri
421 2355 470 2420 ep.
493 2335 582 2419 cycl.
605 2336 644 2399 ΙΙ.
668 2357 697 2418 p.
723 2334 793 2417 30),
825 2337 941 2415 altera,
972 2353 1036 2417 qua
1058 2334 1110 2398 dei
1134 2337 1386 2404 celebrarentur:

126 2473 130 2482 -
234 2457 276 2502 ex
299 2455 432 2519 quornm
455 2435 661 2500 certaminum
685 2453 816 2500 numero
839 2437 1080 2502 Isthmiacorum
1103 2442 1135 2503 et
1153 2439 1385 2506 Nemeaeorum

235 2538 373 2622 origines
394 2534 437 2601 ad
460 2537 553 2603 ludos
575 2535 725 2601 funebres
748 2538 857 2602 referri
884 2538 1039 2603 solebant.
1085 2538 1177 2616 Quod
1197 2535 1265 2606 'nos
1288 2561 1384 2624 equo-

233 2660 302 2706 rum
318 2638 546 2706 certationibus
561 2638 613 2704 vel
629 2637 768 2703 maxime
791 2640 943 2722 consequi
965 2641 1139 2725 studemus,
1162 2649 1197 2708 ut
1210 2644 1386 2710 victoribus

234 2741 325 2825 equis
347 2741 533 2807 coeuntibus
556 2758 651 2822 quam
675 2738 907 2807 nobilissimum
929 2762 968 2808 ac
989 2744 1295 2824 praestantissimum
1319 2746 1385 2813 effi-

234 2843 336 2910 ciatur
363 2863 515 2926 equorum
537 2838 689 2925 genosi),
720 2841 754 2908 id
776 2848 902 2910 veteres
924 2864 1002 2929 prae
1023 2843 1154 2913 deorum
1177 2848 1230 2912 vel
1253 2847 1384 2914 heroum

233 2946 353 3012 honore
375 2944 535 3012 secundae
557 2965 652 3011 curae
674 2944 845 3032 habebant,
870 2946 1016 3027 quamvis
1035 2949 1161 3031 palmas
1178 2967 1330 3032 equorum
1354 2957 1386 3017 et

232 3048 481 3131 generositatem
504 3047 612 3130 magni
634 3047 849 3113 aestimarent.

318 3150 426 3216 Pauca
445 3148 563 3214 addam
588 3148 628 3214 de
654 3148 765 3216 ordine
787 3150 1013 3234 certaminum,
1040 3171 1134 3234 quem
1156 3154 1267 3218 tabula
1288 3152 1332 3239 (p.
1349 3155 1383 3237 6)

233 3251 400 3318 illustravi.
444 3251 574 3317 Homeri
598 3253 632 3316 V.
656 3251 708 3316 VI.
732 3251 792 3317 VII
818 3251 1010 3337 interpolata
1035 3262 1143 3321 censet
1165 3254 1316 3321 Lehrsius
1343 3254 1384 3321 de

233 3348 335 3419 Arist.¹
351 3352 434 3419 stud.
458 3353 551 3418 Hom.
576 3353 671 3438 epim.
693 3373 724 3436 p.
748 3358 809 3419 433
824 3373 893 3437 sqq.
938 3353 1076 3439 Eadem,
1105 3374 1188 3438 quae
1210 3359 1296 3441 apud
1319 3357 1384 3424 Ho-

233 3477 371 3541 merum,
400 3462 473 3522 sunt
500 3455 585 3542 apud
615 3457 763 3523 Nonnum
791 3462 824 3522 et
851 3456 1005 3541 Statium,
1033 3457 1095 3522 nisi
1124 3457 1209 3540 quod
1237 3459 1297 3552 1113
1319 3480 1382 3526 ser-

321 3663 344 3724 1)
362 3658 404 3714 De
421 3659 474 3713 hoc
492 3659 639 3713 cartamine
659 3673 745 3726 nuper
763 3656 908 3712 Eduardus
926 3657 1107 3713 Thrsemsrus
1130 3659 1158 3713 13
1176 3674 1221 3726 eo,
1245 3661 1291 3730 qui
1305 3654 1381 3716 ‘Per-

232 3736 339 3810 gamos'
357 3743 525 3806 inscribitur,
542 3742 611 3797 libro
629 3760 656 3812 p.
670 3746 702 3796 33
710 3759 767 3812 sqq.
785 3743 846 3811 egit.
1323 3791 1329 3802 ,

318 3831 343 3891 2)
361 3827 460 3882 Similis
476 3828 546 3884 ratio
565 3827 654 3882 Persis
672 3828 777 3882 videtur
794 3827 886 3895 trisse,
905 3827 951 3895 qui
967 3842 1097 3896 equorum
1113 3827 1194 3882 laude
1212 3835 1320 3898 praeter
1337 3846 1380 3884 ce·

232 3915 305 3967 toros
323 3910 467 3966 florebant:
492 3914 596 3968 Xerxes
620 3912 690 3967 enim
712 3913 740 3966 in
758 3912 899 3966 Thessalia
921 3913 1091 3968 Persicorum
1114 3917 1141 3967 et
1164 3912 1381 3970 Thessalicornm

232 4011 362 4066 equorum
386 4001 522 4052 certarnen
543 3996 676 4064 instituit,
700 4003 743 4066 nt,
766 3997 836 4051 uteri
852 3997 1000 4052 velociores
1018 4003 1122 4063 essent,
1145 3998 1285 4054 indicarat.
1322 4001 1381 4070 Quo

240 4082 267 4136 in
287 4082 434 4136 certamine
451 4081 553 4137 Persici
571 4082 744 4138 Thessalicos
762 4083 840 4150 longe
857 4091 1051 4152 superauerunt
1068 4085 1178 4150 (Herod.
1193 4085 1244 4140 VII
1259 4091 1326 4154 196).
