3096 4766
271 280 315 340 4⁰
658 277 696 332 11.
722 277 774 330 DE
790 276 915 332 LAEVO
933 275 1043 336 Gillo.

274 453 405 536 dubito,
433 452 512 536 quin
533 450 576 517 de
597 452 698 516 variis
725 451 815 534 gyris
843 449 987 516 dicturus
1008 449 1120 530 tuerit,
1147 452 1183 512 ut
1203 442 1382 528 Vergilius
1417 445 1459 509 in

273 553 430 624 Aeneidis
450 551 491 620 V.
512 553 596 618 libro
617 553 795 620 [troianum
815 570 932 636 agmen
953 549 1132 636 depingens
1153 569 1208 614 vv·
1223 550 1285 612 580
1298 567 1404 630 sqq.:
1524 597 1525 602 ,

377 665 460 740 ‘Olli
482 671 661 740 discurrere
681 690 778 756 pares
800 675 897 752 atque
918 669 1051 751 agmina
1071 670 1154 736 terni

382 773 578 840 Diductis
599 774 765 839 solvere
786 771 924 838 choris
945 789 1167 855 rursusque
1188 768 1332 835 vocati

382 875 580 943 Convertere
601 875 674 940 vias
694 875 875 956 infestaque
896 874 964 938 tela
985 874 1097 938 tulere.

381 977 462 1047 Inde
483 977 567 1044 alios
588 975 700 1043 ineunt
721 996 831 1042 cursus
852 975 1000 1056 aliosque
1020 993 1168 1040 recursus

382 1078 523 1145 Adversi
543 1077 659 1160 spatiis
680 1079 885 1160 alternosque
906 1076 1038 1142 orbibus
1058 1077 1146 1141 orbis
1283 1065 1285 1070 ’

382 1180 567 1263 Impediunt
587 1198 780 1263 pugnaeque
803 1181 889 1246 cient
908 1179 1083 1246 simulacra
1102 1178 1163 1244 sub
1184 1165 1299 1244 armia'

361 1299 460 1368 Tales
487 1297 694 1364 decursiones
720 1317 785 1362 non
811 1316 943 1379 possum
968 1295 1049 1362 mibi
1070 1297 1179 1362 animo
1201 1296 1349 1379 cogitare
1374 1295 1448 1360 nisi

276 1402 377 1468 variis
394 1402 483 1485 gyris
500 1390 669 1478 (Volteu')
685 1403 719 1464 et
734 1399 950 1464 sinistrorsnm
968 1406 1000 1465 ct
1016 1397 1218 1465 dextrorsum
1234 1397 1341 1463 laetis.
1380 1396 1446 1460 Di·

277 1504 394 1570 sertius
415 1509 524 1568 autem
545 1501 667 1568 Statius
686 1501 721 1565 in
734 1499 891 1567 ThebVI
906 1503 969 1565 233
980 1521 1052 1584 sqq.
1067 1500 1288 1566 decursionem
1309 1501 1445 1566 circum

278 1604 470 1671 Archemori
491 1605 646 1670 tumulum
668 1604 786 1668 factm
807 1622 956 1668 narrans:

381 1715 486 1789 ‘'Punc
507 1728 631 1805 septem
651 1741 784 1787 numero
806 1727 928 1788 turmas
950 1727 1115 1799 (centenus
1136 1721 1254 1803 ubique

386 1823 495 1907 Surgit
517 1828 627 1907 eques)
649 1824 752 1890 versis
773 1823 893 1889 ducunt
914 1823 1093 1906 insignibus
1114 1824 1177 1906 ipsi

385 1925 590 2010 Graiugenae
611 1943 715 2007 reges,
737 1925 938 2007 lustrantque
960 1945 1007 1990 ex
1029 1945 1137 1990 more
1158 1925 1329 1990 sinistro

386 2028 489 2096 Orbe
510 2047 624 2112 rogum
646 2034 679 2092 et
700 2032 821 2094 stantes
843 2027 998 2092 inclinant
1018 2027 1152 2109 pulvere
1173 2025 1328 2090 flammas.

385 2132 452 2198 Ter
473 2150 588 2196 curvos
611 2148 707 2212 egere
729 2130 827 2210 sinus,
850 2129 1008 2211 inlisaque
1030 2129 1104 2195 telis

386 2234 469 2299 'l'ela
490 2236 613 2314 sonant,
637 2236 751 2313 quater
772 2230 967 2296 horrendum
987 2231 1140 2313 pepulere
1161 2231 1322 2313 fragorem

386 2334 496 2415 Arma,
519 2339 632 2415 quater
653 2333 784 2396 mollem
805 2331 996 2396 famularum
1018 2331 1171 2399 bracchia
1192 2333 1368 2415 planctum.

388 2435 603 2501 Semianimes
624 2433 707 2496 alter
727 2431 869 2515 pecudes
892 2435 1111 2517 spirantiaque
1133 2436 1217 2518 ignis

387 2537 515 2620 Accipit
536 2539 697 2615 armenta3
720 2531 774 2599 hic
794 2534 899 2601 luctus
920 2536 1052 2602 abolere
1074 2538 1214 2619 novique

386 2636 522 2704 Funeris
544 2635 723 2718 auspicium
746 2641 838 2701 vates
860 2642 1066 2721 (quamquam
1089 2640 1198 2704 omina
1219 2639 1315 2704 sentit

387 2740 484 2818 Vera)
507 2738 611 2804 iubet:
634 2736 814 2813 dextro¹)
836 2759 935 2822 gyro
958 2749 990 2807 et
1011 2742 1211 2808 vibrantibus
1234 2738 1334 2807 hastis

386 2841 458 2907 Hae
478 2829 626 2906 redeuut'
652 2859 680 2905 e.
692 2859 723 2923 q.
736 2860 760 2906 s.

365 2960 567 3043 Incipiebant
586 2964 694 3025 autem
716 2965 842 3026 veteres
863 2961 959 3026 laevo
972 2981 1053 3044 gyro
1070 2964 1166 3028 etiam
1182 2963 1214 3026 iu
1230 2963 1429 3030 exercitatio·

280 3063 385 3148 uibus,
401 3062 488 3145 quod
499 3061 582 3127 Xeu.
599 3061 640 3126 de
655 3082 690 3127 re
702 3081 775 3145 equ.
787 3064 902 3147 capitis
912 3064 982 3129 VII.
998 3066 1182 3146 gravissimi
1197 3068 1215 3142 ξ
1229 3068 1265 3128 11
1283 3069 1427 3131 testatur:

282 3163 424 3247 ἐπείπερ
448 3161 561 3228 δὲκαὶ
585 3153 654 3227 ἀπὸ
677 3164 744 3228 τῶν
768 3156 949 3248 ἀριστερῶν
973 3156 1139 3248 ἄρχεσθαι
1163 3155 1424 3250 εὖὸοκιμώτερον,

281 3257 344 3331 oib’
371 3253 412 3329 cir
433 3261 581 3346 μάλιστα
604 3255 672 3329 ἀπὸ
696 3262 822 3329 τούτων
845 3259 989 3349 ἄρχοιτο,
1014 3261 1044 3328 εἰ
1067 3263 1340 3349 ὃιατροχάζοντος
1358 3271 1422 3350 μέν,

282 3363 389 3435 ὁπότε
411 3358 589 3449 ἀναβαίνοι
610 3367 659 3450 uqi
675 3362 773 3451 δεξιῷ
783 3371 818 3446 ²),
841 3365 918 3432 τότε
933 3370 1091 3454 σημαίνοι
1105 3368 1154 3451 τῷ
1168 3365 1269 3454 ἵππῳ
1283 3365 1321 3434 τὸ
1338 3367 1422 3456 ἑπιρ-

371 3523 394 3586 1)
408 3509 518 3570 ‘Dextri
523 3507 540 3582 ',
557 3515 630 3583 quod
642 3515 830 3573 Kohlmauuus
841 3532 876 3572 ex
887 3517 1003 3572 Puteani
1017 3516 1134 3571 lectione
1146 3511 1275 3573 ‘dextris'
1287 3519 1421 3575 restituen-

282 3603 346 3662 dum
370 3601 489 3676 putavit,
512 3600 657 3668 probarem
682 3601 909 3664 collucetis,
932 3601 985 3655 nisi
1001 3594 1093 3670 ‘gyro’
1112 3608 1283 3669 sequeretur:
1307 3605 1420 3674 praefero

282 3688 366 3758 igitur
379 3677 511 3750 ‘dextro',
529 3685 602 3752 quod
619 3686 742 3740 nonnulli
759 3686 865 3742 codices
884 3685 1013 3740 exhibent
1030 3690 1071 3752 (ut
1088 3703 1113 3741 v.
1132 3690 1194 3742 215:
1218 3688 1329 3745 sinistro
1346 3691 1419 3755 orbe).

371 3776 396 3838 2)
414 3770 585 3826 Godoiredus
601 3769 774 3826 Hermannus
791 3772 864 3826 hunc
881 3771 972 3825 locum
988 3771 1054 3825 vitio
1071 3772 1198 3827 laborare
1215 3779 1291 3828 ratus
1309 3774 1336 3827 in
1353 3774 1421 3829 Com·

283 3859 450 3914 mentatione
462 3855 496 3910 de
509 3856 606 3923 verbis,
620 3856 718 3925 quibus
731 3857 829 3911 Graeci
839 3856 974 3911 incessum
986 3871 1117 3923 equorum
1128 3857 1250 3913 indicunt
1262 3863 1316 3927 (op.
1326 3860 1339 3912 1
1348 3875 1372 3928 p.
1383 3864 1419 3925 to)

283 3957 354 4008 oum,
372 3941 443 4009 quod
462 3938 539 4009 prius
557 3941 680 4010 scripsit:
701 3941 744 4003 „el
759 3936 1002 4014 διατροχάζοντος
1018 3939 1084 4008 μέν,
1105 3939 1195 4000 ὁπότε
1212 3937 1368 4016 ἀναβαίνοι,
1383 3947 1419 4020 uqi

284 4023 493 4101 άριστερῴ“,
509 4024 538 4080 id
557 4024 670 4095 probari
688 4041 744 4081 uon
761 4041 842 4096 posse
859 4025 1051 4091 intellexisset,
1073 4028 1216 4097 proposuit
1233 4044 1261 4097 p.
1281 4031 1312 4082 72
1330 4027 1414 4084 edus
