3096 4766
235 318 254 376 8
515 320 548 372 Δ.
578 319 627 372 DE
644 316 885 372 HIPPODROMO
903 316 1105 371 HOMERIGO.

236 490 373 573 diorum,
396 487 522 555 videtur
542 488 576 555 id
597 488 784 555 curriculum
800 489 909 572 fuisse,
931 509 993 572 quo
1009 490 1127 573 Cyrum
1149 509 1221 554 eum
1242 488 1307 554 suis
1321 487 1386 551 Xe

235 592 364 677 nophon
385 589 418 655 in
434 589 509 675 Gyri
523 591 725 658 Institutione
745 591 835 671 (VIII
851 595 879 674 3,
896 595 937 654 24
948 590 1035 676 sqq.)
1055 592 1133 656 fucit
1155 588 1386 657 decurrentem.

235 693 286 759 lbi
308 693 393 760 enim
413 712 471 759 rex
494 699 581 759 meta
601 691 781 778 significata
802 692 872 777 ipso
894 713 965 760 cum
988 693 1089 779 primo
1112 693 1211 759 missu
1233 695 1331 758 certat
1355 695 1388 755 et

235 815 335 881 prope
364 800 482 862 metam
504 795 681 863 consistens
709 795 854 878 singulas
875 802 1053 862 ceterarum
1081 800 1257 861 turmarum
1286 798 1384 859 certa·

235 898 338 963 tiones
360 898 510 965 observat
531 896 577 980 (v.
600 900 655 961 25:
677 894 762 960 κατὰ
784 894 905 980 κράτος
927 894 1112 961 ἐνταῦθα
1142 889 1279 983 ἀφεῖναι
1307 891 1385 970 τούς

235 998 390 1084 ἵππους).
434 1000 524 1065 Haec
544 1019 565 1063 a
586 998 801 1084 Xenophonte
821 1019 885 1065 non
907 1018 994 1065 mero
1017 1006 1195 1065 commento
1216 999 1293 1066 ficta
1315 1017 1385 1064 esse

235 1103 335 1188 ipsius
358 1121 511 1186 expressa
533 1102 634 1167 verba
654 1109 843 1182 argumento
868 1105 943 1167 sunt
968 1098 1089 1166 ibidem
1112 1104 1204 1182 §3⁴1:
1234 1093 1320 1166 οὕτω
1344 1095 1384 1186 δὴ

235 1199 255 1290 ἡ
278 1203 355 1270 τότε
369 1199 436 1269 ὑπὸ
453 1202 565 1290 Κύρου
579 1206 834 1269 κατασταθεῖσα
849 1201 962 1278 λ’λασις
978 1193 1083 1278 οότως
1105 1201 1123 1268 ἕ
1128 1227 1168 1266 τι
1190 1205 1258 1268 καὶ
1281 1204 1348 1267 νῦν
1360 1201 1385 1284 ¹)

237 1305 385 1391 διαμένει
413 1299 433 1392 ἡ
461 1306 628 1389 βασιλέως
655 1304 783 1390 ἔλασις,
817 1305 1004 1389 quibuscum
1037 1306 1211 1388 coniungas
1242 1303 1385 1371 eiusdem

235 1409 460 1492 testimonium,
483 1407 569 1490 quod
592 1413 641 1475 est
661 1408 695 1473 in
717 1428 765 1489 οο,
788 1427 883 1490 quem
905 1405 947 1473 de
969 1427 1004 1473 re
1026 1395 1167 1489 equestri
1188 1405 1385 1500 conscripsit,

236 1513 346 1578 libello
361 1531 430 1595 cap.
446 1510 521 1576 V111
535 1513 555 1591 ξ
572 1514 605 1576 6:
629 1506 650 1574 ἃ
667 1507 703 1573 δὲ
719 1511 903 1594 φοβοῦνταὶ
917 1531 1006 1584 τινες
1019 1505 1064 1595 μὴ
1090 1500 1386 1596 όιπορρηγνόωνται

235 1610 313 1688 τούς
335 1605 446 1695 ὤμους
467 1609 551 1676 κατὰ
572 1608 614 1676 τὰ
637 1613 749 1697 πρανῆ
771 1607 994 1694 ἐλαυνόμενοι,
1016 1609 1235 1697 θαρρούντων
1252 1609 1385 1696 μαθόν-

235 1739 299 1796 τες,
323 1706 377 1780 ότι
392 1717 523 1799 Πέρσαι
538 1715 594 1779 καὶ
606 1705 764 1798 Ὀδρύσαι
780 1711 968 1790 ἅπαντες
989 1710 1037 1778 τὰ
1059 1707 1240 1800 κατάντη
1264 1709 1384 1797 ἆμιλ-

237 1809 290 1881 λιό
296 1840 415 1900 μενοι
433 1808 528 1880 οὐδὲν
542 1808 641 1901 ἧττον
655 1817 721 1881 τῶν
734 1810 893 1902 Ἑλλήνων
909 1810 1012 1902 ὖγιεῑς
1026 1813 1104 1894 τοὺς
1119 1816 1249 1894 ἵππους
1263 1815 1384 1900 ἔχουσι.

235 1920 354 1986 Verum
375 1920 436 1988 hoc
457 1917 501 1982 ad
521 1920 646 2003 Persas,
669 1939 733 1985 non
755 1917 798 1985 ad
820 1918 961 1986 Graecos
983 1918 1105 1986 attinet

321 2021 466 2090 Certiora
492 2020 630 2105 primum
656 2041 694 2088 ac
715 2021 861 2106 pleniora
888 2020 930 2087 de
958 2020 1162 2106 hippodromi
1188 2022 1386 2089 institutione

236 2123 390 2192 discimus
413 2145 453 2192 ex
475 2122 647 2191 Homerica
673 2123 732 2190 illa
761 2124 970 2191 enarratione.
1014 2122 1076 2190 Hic
1097 2143 1174 2191 vero
1196 2145 1260 2192 non
1281 2131 1316 2190 ut
1337 2125 1386 2190 iili

236 2227 391 2313 simplex,
419 2226 478 2294 sed
507 2225 628 2310 duplex
656 2231 721 2306 est,
750 2225 836 2306 quod
864 2226 897 2290 in
925 2224 1056 2292 modum
1084 2225 1290 2293 diaulisduae
1312 2229 1385 2294 viae
1462 2307 1465 2314 ⁴

235 2337 324 2396 recta
344 2328 428 2394 inter
448 2346 485 2395 se
505 2328 636 2410 regione
657 2348 678 2392 a
699 2326 890 2409 carceribus,
913 2326 942 2391 si
964 2327 1024 2394 hoc
1045 2329 1144 2396 verbo
1166 2331 1212 2396 uti
1236 2330 1319 2414 licet,
1342 2330 1385 2395 ad

237 2436 356 2496 motam
377 2430 552 2513 pertinent,
581 2428 697 2512 quihus
725 2429 759 2493 in
786 2429 915 2494 laevum
943 2449 1058 2513 gyrum
1087 2430 1131 2514 (v.
1153 2452 1221 2516 cap.
1244 2433 1289 2517 11)
1317 2452 1384 2499 cnr-

235 2531 323 2598 ritur.
366 2533 453 2598 Meta
481 2531 515 2596 in
537 2529 681 2597 anfractu
702 2529 826 2596 viarum
853 2530 960 2615 posita
986 2533 1055 2600 sive
1076 2536 1181 2617 τέρμα
1202 2533 1288 2616 (309.
1312 2537 1384 2599 323.

237 2637 308 2698 333.
332 2632 409 2717 466)
431 2653 452 2699 a
473 2631 572 2698 verbo
593 2631 757 2717 teroem),
780 2639 815 2698 ut
837 2635 972 2719 σπέρμα
993 2653 1014 2699 a
1036 2640 1196 2720 σπείρειν,
1220 2636 1296 2718 quia
1318 2656 1383 2702 mo·

237 2734 332 2802 diolis
361 2734 489 2818 teritur,
518 2734 587 2801 sive
615 2730 721 2798 νύσσα
744 2732 831 2816 (332.
855 2737 927 2802 338.
951 2738 1027 2818 344)
1053 2757 1075 2802 a
1097 2740 1196 2806 verbo
1218 2735 1350 2802 νύσσαν
1359 2739 1385 2820 ³)

237 2835 414 2915 exeadem
437 2855 535 2903 causa
562 2835 788 2921 appellaturi).
831 2837 924 2916 Quod
946 2837 1116 2906 Homerico
1144 2860 1223 2923 unu,
1251 2840 1384 2924 posteri-

237 2939 301 3006 oris
323 2937 439 3006 aetatis
462 2943 494 3005 et
515 2937 647 3007 Graecis
670 2945 702 3007 et
724 2940 877 3006 Romanis
899 2941 992 3008 circis
1014 2939 1099 3006 duee
1120 2949 1193 3009 sunt
1215 2947 1328 3023 metae,
1350 2939 1384 3005 id

235 3040 460 3125 gravissimum
482 3046 547 3121 est,
575 3059 638 3122 quo
659 3041 743 3108 inter
761 3053 800 3106 ¹se
823 3041 983 3110 differunt.
1026 3041 1077 3108 Ne
1099 3044 1233 3127 pluralis
1255 3041 1384 3125 quidem

235 3146 384 3229 τέρματα
406 3141 440 3206 in
461 3163 491 3208 v.
508 3146 570 3207 333
587 3147 620 3209 et
637 3147 699 3209 358
722 3142 810 3208 aliud
832 3145 1004 3227 quiequam
1026 3144 1184 3228 significat
1205 3144 1266 3210 nisi
1288 3164 1384 3211 unam

323 3316 348 3378 1)
365 3310 421 3366 Gir.
433 3311 555 3366 Isensee:
572 3310 629 3367 Der
640 3309 851 3380 geschichtliche
862 3311 941 3366 Wert
958 3327 1011 3366 von
1023 3311 1190 3382 Xenophone
1202 3311 1383 3382 Kyrupaedic.

239 3401 314 3452 1838.
359 3395 516 3450 Seolmann:
545 3394 588 3450 De
616 3396 746 3452 historica
770 3397 960 3468 Xenophontis
989 3397 1017 3451 in
1041 3397 1217 3452 Institutione
1244 3397 1306 3466 Gyri
1331 3396 1384 3453 fide

235 3480 470 3554 cppcconxx.

323 3571 348 3634 2)
366 3567 429 3621 Alia
444 3567 533 3622 forma
549 3565 586 3620 ab
604 3564 697 3620 eodem
708 3568 791 3622 uerbo
807 3567 928 3622 densata
945 3570 987 3620 est
1003 3563 1110 3640 τόρμη·
1130 3562 1146 3624 ὁ
1164 3565 1196 3624 ἐν
1213 3563 1384 3644 ἱπποδρόμῳ

236 3647 345 3724 δρόμος
362 3655 421 3720 (pro
439 3667 492 3720 quo
510 3649 604 3704 dubito
621 3665 658 3704 an
675 3651 775 3704 rectius
797 3646 909 3722 τόρμος
931 3649 1103 3706 scribendum
1122 3653 1171 3721 sit,
1195 3651 1246 3708 cfr.
1264 3653 1382 3724 Hesyeh.

236 3732 356 3793 ἱππικὸν
367 3731 489 3807 τόρμον)
501 3728 519 3805 ἢ
530 3734 547 3804 ἡ
558 3729 679 3806 καμπὴ
690 3739 739 3791 καὶ
750 3725 865 3806 όστιληξ.
891 3735 1036 3806 Dionysios
1047 3751 1091 3806 ep.
1103 3736 1230 3794 Eustath.
1243 3754 1271 3809 p.
1282 3741 1341 3806 598,
1350 3743 1382 3793 27

235 3821 377 3888 (Schwabe
393 3821 514 3876 Atticist.
533 3823 600 3886 213).

322 3910 349 3973 3)
366 3906 484 3975 Hesych.
498 3922 520 3962 e.
533 3923 558 3960 u.
577 3898 638 3963 ἀπὸ
656 3907 709 3984 τοῦ
719 3900 862 3972 ἐλθόντας
872 3899 939 3962 κατ’
951 3898 1041 3962 αὐτὸν
1057 3903 1148 3964 νεύειν
1159 3903 1227 3976 τοὺς
1236 3905 1382 3978 incoepti).

323 3995 348 4058 4)
366 3974 449 4058 S'oph.
467 3990 512 4047 El.
532 3993 589 4044 720.
607 3993 671 4043 744:
695 3985 794 4061 στήλη,
817 4005 871 4058 quo
887 4007 949 4046 cnm
966 3993 1072 4047 nomine
1089 3993 1229 4049 columnae
1245 3996 1274 4050 in
1291 3997 1383 4065 agoni·

236 4075 311 4132 stiois
329 4075 508 4132 monumentis
526 4074 653 4146 adpictae
670 4079 833 4142 congruunt.
