3096 4766
522 291 559 346 II.
585 289 636 344 DE
653 288 776 346 Lnuvo
796 290 902 347 GYRO.
1247 288 1289 348 47,

132 467 252 552 modo,
282 465 342 533 sed
363 465 407 532 ad
435 467 585 531 uniuersa
613 462 891 547 quadrupedantia
912 465 1000 544 valet
1011 467 1050 548 ¹),
1077 483 1141 530 non
1169 471 1289 533 temere

134 589 178 636 ac
205 569 351 650 fortuito,
381 587 492 634 verum
515 587 557 632 ex
586 574 673 633 certa
701 566 841 649 quadam
869 568 947 634 artis
974 566 1098 631 ratione
1127 573 1228 632 ortam
1256 569 1289 633 in

134 671 299 738 artificum
322 667 442 735 scholis
464 689 486 734 a
506 669 667 751 magistris
689 667 856 752 discipulis
879 669 1030 734 traditam
1045 686 1126 735 esse.
1163 666 1289 736 Scimus

136 774 173 838 in
196 773 271 838 aliis
294 790 420 855 quoqne
442 771 537 837 rebus
559 776 704 836 naturam
727 769 768 835 ab
790 769 964 837 artificibus
979 769 1113 836 Graecis
1128 770 1188 833 arti
1203 778 1289 852 post·

136 873 287 939 habitam
309 892 395 958 esse,
424 873 567 939 velutin
590 872 770 938 cassidibus
791 872 977 954 pingendis:
1008 892 1079 938 cum
1102 872 1187 938 enim
1210 873 1290 938 anti·

138 975 287 1058 quissimi
309 973 446 1041 artifices
462 975 549 1040 viros
570 980 749 1057 pugnantes
772 975 819 1040 sIc
840 975 1029 1057 pinxissent,
1052 980 1140 1039 utos
1163 973 1289 1040 casside

138 1084 324 1160 coopertum
346 1077 508 1159 lateretll,
535 1077 728 1159 posteriores
748 1081 859 1142 contra
880 1076 957 1143 belli
980 1095 1072 1142 usum
1098 1076 1159 1140 arti
1186 1075 1289 1141 indul-

139 1186 254 1262 gentes
275 1198 330 1244 ore
351 1186 463 1262 aperto
486 1198 543 1244 eos
565 1177 737 1261 fingebant.

227 1279 451 1358 Quaerendum
480 1301 563 1347 nunc
592 1286 656 1364 est,
687 1299 845 1362 quaenam
867 1281 960 1346 ratio¹
973 1281 1059 1346 illius
1081 1281 1163 1362 legis
1185 1279 1289 1346 fuerit.

138 1383 262 1449 Eadem
290 1381 371 1448 mibi
393 1383 521 1448 videtur
544 1401 630 1465 csse,
662 1403 725 1466 qua
747 1380 879 1448 adducti
907 1380 1077 1448 histriones
1106 1383 1140 1446 in
1162 1401 1289 1465 scaena,

137 1505 211 1552 cum
240 1487 377 1551 alterum
406 1485 490 1550 latus
519 1484 561 1550 ad
590 1492 788 1569 spectatores
816 1489 1019 1566 convertunt,
1053 1482 1147 1550 huius
1180 1484 1290 1549 lateris

136 1589 285 1653 membra
312 1606 410 1670 quam
436 1587 571 1659 miuime,
596 1594 671 1653 anto
700 1607 735 1654 se
763 1605 894 1652 movere
917 1586 1073 1661 debenti)
1116 1584 1214 1652 Cuius
1243 1586 1291 1651 rei

137 1690 236 1756 video
259 1689 422 1773 duplicem
445 1708 592 1755 causam:
614 1691 758 1770 alteram,
780 1708 821 1754 ne
836 1688 909 1752 aliis
928 1688 1010 1755 aIIas
1025 1689 1169 1771 corporis
1182 1695 1291 1771 partes

137 1792 351 1874 obtegant-
366 1788 454 1873 quod
476 1791 610 1856 moleste
632 1790 738 1856 ferunt
752 1796 958 1872 spectatores,
981 1807 1115 1869 quorum
1131 1790 1291 1873 integrum

137 1891 305 1958 histrionis
326 1910 450 1974 corpus,
473 1911 510 1957 os
524 1892 726 1974 potissimum
748 1897 894 1973 spectare
915 1910 1043 1973 semper
1065 1897 1097 1956 et
1119 1893 1291 1958 observare

138 1993 273 2057 multum
295 1992 428 2058 interest
446 2027 498 2074 -,
521 1993 665 2075 alteram,
687 2011 728 2057 ne
751 1989 1036 2074 scaenographiae,
1059 2012 1142 2074 quae
1164 1992 1290 2077 dicitnr,

140 2098 328 2177 repugnent.
367 2093 609 2177 scaenographi
632 2094 716 2159 enim
740 2112 811 2158 cum
827 2112 890 2177 quo
906 2093 1048 2176 quidque
1064 2100 1114 2160 est
1129 2097 1291 2178 remotius,

140 2215 181 2262 eo
210 2197 313 2278 magis
343 2195 484 2262 medium
512 2215 624 2262 versus
651 2194 846 2278 producant,
874 2214 915 2260 ne
944 2196 985 2260 ab
1012 2197 1172 2262 anteriore
1200 2204 1291 2279 parte

139 2303 360 2380 praelegatur‚
395 2298 477 2365 hanc
499 2306 601 2364 artem
631 2297 817 2379 histriones,
851 2299 907 2380 qui
927 2316 1003 2380 pars
1026 2297 1090 2364 sint
1123 2299 1291 2392 scaenicae

140 2400 300 2482 imaginis,
323 2401 370 2465 ita
384 2401 495 2466 invare
512 2400 640 2484 debent,
663 2403 698 2464 ut
713 2399 774 2482 ipsi
790 2418 917 2481 quoqne
938 2401 1126 2466 remotiores
1149 2401 1291 2484 corporis

139 2507 247 2584 partes
280 2503 463 2587 porrigant,
496 2502 729 2586 spectatoribus
760 2502 1006 2585 propinquiores
1038 2503 1209 2568 retineant:
1244 2505 1292 2570 sIc

141 2605 249 2686 imago
271 2602 415 2688 efficitur,
439 2625 522 2688 quae
537 2605 685 2670 omnibus
701 2605 901 2687 expertibus
917 2618 1050 2670 concors
1066 2610 1098 2670 et
1113 2624 1290 2688 congruens

229 2775 252 2836 1)
271 2769 439 2824 Centauri
456 2769 556 2838 Inghir.
569 2770 602 2825 V.
616 2769 668 2824 litt.
686 2768 788 2824 XXIII.
801 2769 927 2824 LXXIX.
938 2770 1008 2825 XCI.
1026 2770 1112 2824 XCII.
1130 2771 1219 2825 XCIII
1236 2781 1290 2838 (ex-

143 2860 220 2924 cepto
239 2855 333 2909 dextro
351 2855 380 2907 iu
396 2853 525 2909 inierIore
541 2854 665 2922 Imaginis
684 2861 769 2922 parte.
798 2854 850 2922 Qui
867 2856 896 2909 in
913 2857 1053 2924 superiore
1071 2859 1148 2925 parte
1165 2855 1291 2924 appictus

143 2944 190 3006 est,
203 2940 366 2994 decussatim
378 2938 583 3006 quadrupedat).
604 2938 685 2993 CXV.
699 2938 793 2992 CXVI.
805 2939 901 2994 CXIX.
912 2939 1037 2994 CLXXII
1050 2944 1172 3009 (exceptu
1185 2939 1290 3007 primo).

145 3024 223 3079 Geth.
249 3023 356 3078 Auserl.
378 3037 418 3091 gr.
437 3022 470 3076 V.
495 3023 589 3077 CXIX.
609 3022 691 3077 CXX.
727 3023 826 3077 muller
850 3022 967 3078 Denlrm.
988 3028 1045 3078 tro.
1081 3024 1167 3078 Muli
1189 3022 1290 3091 Inghir.

144 3110 268 3167 CCLXV.
298 3108 367 3162 Len.
386 3113 414 3162 et
430 3108 463 3161 de
483 3108 567 3162 Witte
583 3110 635 3163 rol.
654 3109 674 3162 I.
693 3108 750 3161 tab.
768 3107 868 3162 XLIII.
887 3107 985 3172 XLVI,
1004 3112 1037 3163 A.
1069 3108 1173 3163 Tauri
1189 3107 1289 3174 Inghir.

143 3195 240 3250 XXIV.
255 3193 421 3249 CCCLXIII.
448 3193 514 3246 Len.
528 3199 556 3246 et
568 3193 601 3248 de
613 3192 657 3248 W.
675 3193 727 3247 rol.
741 3191 763 3246 1.
775 3192 830 3246 tab.
844 3191 969 3248 XXVIII.
995 3195 1045 3248 rol.
1059 3193 1108 3248 III.
1122 3193 1178 3247 tab.
1191 3191 1290 3246 LXIX.

143 3280 263 3335 XCVIII.
294 3277 394 3334 Cerri
410 3277 509 3345 InghIr.
529 3277 614 3332 CCIII
631 3277 668 3344 (in
687 3277 772 3345 clipeo
791 3278 899 3346 pictus).
930 3277 1054 3332 Gerhard
1073 3276 1251 3342 CCCXXVII,
1268 3281 1290 3332 1.

143 3365 206 3419 Len.
219 3369 247 3420 et
258 3365 283 3419 d.
296 3365 340 3418 W.
359 3363 411 3418 rol.
424 3363 459 3418 11.
478 3364 534 3417 tab.
547 3362 647 3417 XLIII.
667 3362 729 3415 0111
747 3363 779 3416 B.
809 3362 861 3416 vol.
878 3361 925 3417 IV.
943 3365 1000 3418 tab.
1019 3363 1093 3418 LIII.
1124 3364 1196 3419 Mus.
1210 3363 1290 3428 areg.

144 3451 192 3506 rol.
205 3450 241 3506 11.
258 3450 314 3504 tab.
327 3448 389 3512 XII,
408 3449 455 3502 ab.
486 3447 626 3502 Arietes
644 3447 745 3515 IngbIr.
763 3445 864 3502 XXVI.
885 3446 966 3501 CLII.
998 3449 1106 3504 Canes
1124 3449 1211 3518 Inghi.
1230 3449 1290 3503 LII.

146 3534 224 3590 derb.
243 3533 348 3588 CCLII.
378 3534 446 3589 Len.
465 3540 492 3587 et
509 3533 535 3589 d.
555 3533 599 3587 W.
617 3533 669 3588 vol.
687 3531 723 3586 Π.
742 3532 798 3585 tab.
810 3531 933 3587 XCVIII.
953 3534 984 3588 C.
1004 3533 1061 3589 CII.
1075 3533 1139 3588 CIII
1155 3536 1187 3590 B.
1206 3536 1291 3596 CXII,

144 3619 211 3675 Mus.
226 3619 306 3686 Greg.
318 3619 371 3673 rol.
385 3618 420 3672 11.
432 3619 487 3672 tab.
501 3617 586 3683 LVII,
601 3623 647 3673 la.
674 3617 760 3686 Apri
779 3617 861 3672 cern.
881 3617 1059 3685 CCCXXVII,
1074 3623 1098 3672 2.
1124 3618 1198 3674 Mus.
1210 3620 1291 3690 Greg.

145 3705 192 3759 rol.
211 3704 247 3760 II.
265 3705 321 3758 tab.
341 3702 440 3767 XVIII,
463 3708 508 3757 la.
543 3702 714 3757 Pardales
731 3700 832 3768 Inghir.
851 3699 976 3756 XLVIII.
997 3702 1101 3757 CLXV.
1134 3702 1200 3760 Len.
1220 3712 1248 3761 et
1264 3708 1290 3762 d.

144 3787 186 3841 W.
203 3788 255 3844 rol.
267 3786 305 3843 II.
322 3789 376 3842 tab.
392 3787 453 3842 CIII
471 3789 503 3843 B.
531 3788 683 3858 Lepores
700 3787 801 3854 Inghir.
820 3783 925 3840 CLXV.
956 3787 1022 3845 Len.
1041 3792 1072 3843 et
1089 3788 1115 3843 d.
1135 3790 1179 3844 W.
1198 3793 1248 3846 vol.
1265 3790 1288 3846 I.

145 3873 196 3930 tab.
216 3873 246 3929 C.

227 3961 252 4023 2)
269 3957 370 4025 Inghir.
387 3956 508 4013 lV-VI.
527 3956 656 4012 CCLVII.

227 4046 253 4109 3)
271 4042 327 4098 Cir.
346 4043 454 4098 Goethh
471 4048 620 4113 praecepta
637 4042 808 4098 histrionalis
825 4047 840 4109 5
859 4046 969 4097 57-62.
