3088 4774
519 318 552 373 A.
579 318 630 372 DE
647 317 882 374 CARCERIBUS.
1235 316 1275 376 77

117 491 210 555 libro
227 489 370 572 (Lipsiae
385 485 634 574 clblocqcxnl
655 509 685 573 p.
701 494 760 553 150
777 490 848 556 adn.
866 490 907 574 9).
946 491 997 556 Ad
1017 508 1096 574 quos
1123 488 1278 554 accedunt

120 592 163 658 G.
189 591 390 656 Hermannus
418 598 451 655 et
476 591 514 657 G.
537 590 773 674 Lehndorifius,
803 611 910 658 comes
931 592 1109 657 Borussicis
1138 591 1277 675 equariis

119 693 340 777 praepositus,
364 711 495 774 quorum
519 693 638 778 scripta
658 693 722 757 iam
746 692 885 758 laudavi.
921 692 1006 758 Nolo
1028 712 1138 758 omnes
1159 692 1278 758 iudea

120 795 281 862 Salmasii
301 795 498 878 temporibus
520 796 618 860 alium
646 801 718 876 post
739 794 838 860 alium
859 793 1011 861 iudicare.
1056 795 1126 860 Hoc
1147 795 1277 876 longum

121 905 177 964 est
206 904 238 962 et
262 884 550 981 supervacaneum.
594 897 677 961 Nam
706 896 740 960 id
770 917 810 961 ex
839 902 930 980 parte
955 897 1020 961 iam
1041 897 1105 981 ipsi
1126 897 1276 980 fecerunt,

122 999 277 1080 quamvis
298 999 400 1063 multa
421 993 546 1082 possint
563 997 650 1081 addi,
673 1017 714 1061 ex
727 1005 820 1080 parte
842 997 888 1063 eis
910 1015 993 1078 quae
1015 1017 1112 1081 supra
1134 998 1277 1082 exposui,

122 1102 225 1168 tacite
247 1101 483 1168 convincuntur.
521 1101 697 1182 Praecipue
711 1100 1003 1183 Francogallorum,
1027 1101 1082 1183 qui
1102 1120 1179 1184 prae
1194 1106 1278 1165 cete-

122 1204 171 1268 ris
205 1201 346 1268 studium
374 1203 407 1268 in
437 1202 498 1268 hac
526 1222 561 1267 re
589 1201 841 1285 collocaverunt,
877 1222 1004 1268 omnem
1037 1203 1230 1285 farraginem
1260 1224 1278 1268 e

123 1313 308 1388 temporum
330 1303 393 1368 situ
422 1323 532 1370 eruere
554 1302 764 1387 supersedeo,
786 1303 849 1368 nisi
871 1304 957 1385 quod
979 1305 1032 1371 hic
1058 1304 1125 1370 illic
1147 1323 1278 1370 auream

125 1427 170 1473 ex
193 1426 233 1471 ea
254 1406 370 1470 micam
392 1425 566 1472 secernam.
603 1404 665 1484 Qui
681 1404 784 1470 ridere
799 1406 877 1486 vult,
901 1407 927 1472 ir
941 1407 1133 1474 Pausaniam
1149 1428 1170 1471 a
1185 1406 1278 1471 Nico-

126 1509 182 1574 lao
196 1506 352 1592 Gedoyen
364 1527 552 1573 conversum
567 1506 713 1589 (Parisiis
725 1527 754 1572 a.
769 1506 1039 1593 clopccxxxr.
1052 1510 1161 1575 volll.
1181 1529 1211 1592 p.
1223 1509 1277 1587 50)

127 1611 261 1676 evolvat
283 1615 315 1674 et
336 1609 508 1691 imaginem
524 1607 729 1692 hippodromi
743 1630 764 1674 a
778 1608 929 1675 Folardio
945 1613 1052 1694 equite
1068 1611 1278 1676 deformatam

127 1712 275 1797 aspiciat.
319 1711 397 1776 Mihi
424 1731 475 1777 res
497 1719 546 1776 est
568 1729 638 1774 cum
660 1710 844 1776 novissimis
867 1711 961 1793 solis,
991 1713 1046 1795 qui
1067 1713 1207 1777 nondum
1231 1733 1277 1778 re·

127 1815 222 1879 lutati
237 1821 320 1894 sunt,
342 1833 414 1877 cum
429 1812 612 1878 Hermanno
626 1812 826 1895 potissimum
842 1820 874 1876 et
891 1812 1104 1879 Lehndorffio.
1139 1813 1280 1891 Quorum

128 1917 307 1982 sententiae
330 1935 468 1998 quonam
490 1916 629 1980 nitantur
650 1914 873 1995 fundamento,
903 1923 937 1979 ut
959 1925 1127 1999 appareat,
1153 1916 1280 1999 gravio-

128 2038 201 2083 rum
223 2018 452 2082 sententiarum
475 2023 693 2102 conspectum,
725 2014 885 2096 quomodo
908 2016 990 2081 inter
1011 2036 1047 2082 se
1076 2017 1279 2098 cohaereant,

131 2118 222 2184 lubet
242 2118 428 2184 adscribere
451 2119 495 2202 (p.
512 2120 578 2199 78).

216 2221 405 2301 Priusquam
421 2227 527 2286 autem
544 2220 586 2284 ad
601 2219 675 2284 illos
690 2217 770 2284 duos
785 2216 976 2284 refellendos
991 2219 1153 2299 accedam,
1169 2221 1280 2304 paucis

130 2321 404 2389 Delabordium
422 2341 558 2403 cumque
576 2341 613 2387 eo
632 2320 797 2385 Hirtium
816 2319 1058 2405 reprehendam,
1080 2321 1166 2403 quod
1183 2322 1280 2405 porti-

131 2444 203 2489 cum
215 2425 356 2507 Agnapti
370 2425 575 2507 obliquarent
584 2422 722 2503 ideoque
737 2422 884 2488 dextrmn
896 2423 1024 2490 sinistro
1038 2425 1139 2489 latere
1153 2422 1280 2504 longius

130 2527 283 2592 fecerunt.
302 2526 442 2592 Primum
454 2527 538 2592 enim
550 2525 624 2590 talis
635 2525 812 2606 obliquatio
824 2527 866 2590 ab
879 2527 965 2592 omni
976 2527 1164 2610 symmetria
1174 2526 1281 2590 aliena

132 2635 189 2694 est
223 2627 347 2692 Deinde
363 2627 424 2693 hoc
438 2627 557 2694 ideirco
573 2628 724 2708 iecerunt,
740 2633 775 2691 ut
789 2634 924 2692 rostrum
940 2649 1053 2712 prorae
1069 2635 1168 2694 totam
1184 2626 1281 2711 porti·

132 2749 203 2795 cum
219 2729 408 2813 complexae
423 2731 455 2794 in
471 2731 617 2795 dextram
633 2748 764 2794 arenam
779 2734 950 2812 spectaret.
980 2729 1097 2795 Verum
1108 2730 1141 2793 in
1157 2749 1196 2794 ea
1210 2730 1282 2812 ipsa

133 2853 167 2896 re
182 2831 279 2894 valde
294 2838 519 2914 peccaverunt,
541 2829 628 2911 qnod
641 2831 797 2914 porticum
821 2837 853 2894 et
877 2831 968 2895 basin
990 2830 1101 2916 oppidi
1123 2849 1181 2915 per
1202 2832 1280 2897 iute-

132 2950 225 3017 gram
246 2951 364 2998 arenae
383 2931 584 2999 latitudinem
600 2933 820 2999 extenderunt
856 2932 941 2996 Nam
954 2937 1179 3016 praeterquam
1196 2934 1282 3016 quod

133 3035 286 3101 stationes
308 3035 391 3100 iusto
414 3034 544 3100 latiores
566 3035 713 3117 fuissent,
736 3036 811 3116 quia
833 3042 880 3098 tot
901 3039 1023 3099 tantum
1046 3040 1204 3099 certantes
1226 3055 1281 3119 op-

133 3135 209 3223 pido
232 3157 348 3222 capere
370 3137 499 3217 licebat,
527 3143 603 3217 quot
626 3135 740 3202 dextra
762 3155 861 3202 arena
882 3134 1019 3218 spatium
1042 3136 1227 3218 praebebat,
1251 3143 1283 3201 et

133 3239 260 3304 sinistra
282 3258 382 3304 arena
398 3237 528 3304 sinistra
548 3237 660 3322 oppidi
675 3239 728 3303 ala
743 3242 907 3303 contracta
921 3246 1014 3318 esset,
1038 3235 1123 3319 quod
1138 3237 1282 3321 ineptum

134 3347 202 3405 erat
230 3340 275 3423 (p.
292 3339 363 3422 57),
393 3339 448 3420 qui
478 3339 635 3406 eiusmodi
664 3339 897 3405 constructione
925 3339 1128 3404 condiciones
1157 3341 1280 3405 univer-

134 3441 178 3507 sis
206 3459 330 3522 aequae
361 3441 475 3506 erant?
520 3441 588 3506 Iam
611 3440 932 3507 Choiseul-Gouslier
958 3440 1135 3507 rectissime
1162 3441 1284 3507 monuit

133 3540 177 3628 (p.
211 3543 288 3626 237)
321 3543 469 3609 sinistrae
501 3544 574 3608 alac
608 3541 810 3607 condiciones
844 3542 938 3625 longe
969 3542 1142 3625 iniquiores
1175 3543 1282 3610 fuisse.

137 3645 195 3720 „hl
212 3644 253 3709 de
275 3645 308 3710 la
324 3644 461 3728 Borde“,
484 3645 539 3726 ait,
564 3647 689 3727 „parcit
710 3642 832 3709 n'avoir
853 3663 912 3728 pas
934 3663 1026 3711 assez
1047 3645 1106 3712 fait
1127 3647 1284 3712 attention

135 3764 196 3827 que
224 3746 271 3812 les
301 3745 394 3811 chars
422 3745 464 3810 du
493 3749 564 3812 cbtb
592 3745 732 3829 gauche,
763 3745 905 3812 destines
933 3750 953 3810 a
981 3746 1085 3813 courir
1113 3767 1153 3812 en
1180 3747 1283 3814 meme

135 3853 237 3932 temps
259 3867 321 3929 que
344 3866 425 3912 ceux
447 3847 491 3913 du
514 3850 585 3914 cote
607 3850 743 3934 oppose,
767 3853 800 3910 et
822 3846 942 3913 devant
964 3867 999 3913 se
1021 3853 1128 3932 porter
1150 3848 1284 3916 d'abord

135 3969 207 4015 vers
228 3948 259 4016 le
281 3951 353 4014 eote
376 3947 460 4014 droit
482 3949 523 4017 de
545 3950 578 4014 la
599 3951 671 4034 lice,
693 3949 839 4015 auroient
862 3970 902 4016 en
925 3949 998 4014 bien
1013 3951 1085 4034 plus
1101 3950 1142 4018 de
1157 3952 1283 4018 chemin

135 4051 269 4134 blaire;
299 4070 375 4116 sans
403 4056 546 4135 compter
569 4070 647 4134 que,
675 4071 738 4118 uon
767 4051 832 4118 lein
864 4052 906 4116 du
936 4051 1064 4136 depart,
1092 4052 1118 4118 il
1139 4055 1208 4121 leur
1230 4057 1285 4121 etit
