3088 4774
256 296 302 354 ³68
655 297 690 350 A.
717 295 768 350 DE
786 294 1023 351 CARGERIBUS.

257 489 322 535 non
345 488 403 533 sna
425 469 529 551 culpa,
552 466 612 532 sed
634 469 784 535 Cleoetae
806 475 884 533 erat.
923 469 1074 535 Nostrum
1089 466 1186 550 igitur
1207 473 1258 533 est
1279 467 1343 533 hoc
1365 488 1421 533 ac-

257 571 401 636 curatius
423 571 618 651 cxaminare,
640 589 715 634 num
738 575 814 636 tunc
829 587 956 652 quoqne
974 568 1178 636 condiciones
1193 587 1320 650 aequae
1343 569 1421 634 sint.

261 671 515 737 Consentaneum
548 680 611 752 est,
645 672 856 738 rarissime
890 671 955 737 vel
987 672 1121 755 potins
1154 690 1286 753 paene
1319 691 1421 737 nun·

260 793 375 855 qnam
404 772 625 854 accidisse,
654 779 695 838 ut
723 792 798 837 nna
827 773 1011 838 universi
1038 773 1175 838 fronte
1208 790 1340 853 nsque
1370 772 1422 838 ad

260 876 510 944 exteriorem
532 881 675 940 metam
698 881 924 955 currerent,
947 873 1006 939 sed
1025 893 1083 956 per
1105 872 1269 958 quoddam
1291 881 1422 939 tantum

260 977 409 1060 spatium.
453 977 592 1061 Tamen,
622 977 772 1057 quoniam
801 975 903 1057 potuit
930 975 1011 1040 iliud
1041 975 1149 1056 aliquo
1179 995 1257 1041 casn
1286 977 1421 1043 fortuito

260 1079 406 1146 accidere
435 1085 468 1144 et
496 1078 716 1159 condiciones,
745 1077 774 1142 si
795 1095 897 1158 nsque
919 1095 958 1141 co
980 1095 1101 1158 aequas
1127 1096 1199 1143 esso
1220 1079 1422 1162 apparuerit,

254 1179 359 1248 ¹etiam
380 1199 439 1264 per
460 1180 626 1261 quodlibet
641 1180 768 1246 brevius
783 1178 922 1265 spatium
937 1197 1057 1260 aequas
1078 1197 1149 1244 esse
1164 1180 1422 1246 demonstratum

258 1283 331 1363 erit,
354 1300 420 1347 rem
443 1281 624 1364 suscipiam.

345 1385 394 1448 Ac
414 1381 550 1466 primum
566 1381 735 1449 dicendum
758 1389 808 1448 est
822 1388 991 1465 certantes,
1014 1385 1049 1449 si
1070 1383 1161 1466 pari
1182 1384 1421 1449 velocitate

259 1505 337 1552 una
365 1483 555 1548 continua
584 1485 718 1550 fronte
748 1503 872 1567 usquc
905 1484 953 1549 ad
987 1493 1130 1550 metam
1164 1484 1420 1550 exteriorem

261 1590 545 1668 cucurrerunt,
567 1606 630 1651 non
653 1605 713 1670 per
727 1587 865 1670 spatium
881 1588 1039 1668 triangulo
1055 1587 1184 1654 ΜιΜιΝ
1203 1606 1264 1670 par
1279 1589 1422 1670 vestigia

260 1688 391 1767 fecisse,
426 1687 485 1752 scd
519 1707 577 1771 per
611 1688 935 1772 parallelogrammon
971 1690 1141 1756 ΜιΜ-ιΧΝ.
1196 1687 1418 1754 Sinistrum

260 1790 356 1872 igitur
378 1788 557 1872 agonistam
579 1790 683 1855 solum
706 1797 739 1855 et
765 1791 903 1874 primum
933 1795 1051 1854 metam
1078 1792 1226 1872 attigisse
1247 1791 1281 1855 in
1303 1799 1418 1873 aperto

262 1900 318 1960 est.
364 1890 434 1956 Hoc
463 1897 533 1957 erat
562 1890 655 1955 huius
684 1890 884 1958 commodum
906 1891 1004 1974 idque
1032 1891 1299 1976 gravissimum.¹)
1348 1893 1418 1960 Nec

260 2014 337 2061 vero
360 1993 421 2060 hoc
441 1993 618 2078 praemium
641 1993 726 2076 cepit
746 2013 808 2059 nec
836 1998 930 2077 capto
958 1993 1077 2059 fructus
1103 2001 1168 2072 est,
1196 1995 1257 2061 nisi
1281 1993 1346 2060 dno
1368 1995 1415 2060 in·

262 2095 429 2162 commoda
450 2095 483 2160 in
512 2096 566 2160 via
594 2093 655 2160 sibi
685 2095 846 2162 obstantia
868 2103 1077 2178 superaverat
1104 2103 1137 2162 ct
1158 2097 1337 2180 pericnlum
1359 2098 1416 2162 im·

261 2199 384 2265 minens
407 2198 598 2280 evitaverat3
624 2197 760 2263 alterum
782 2203 859 2278 erat,
883 2198 969 2279 qnod
983 2197 1059 2263 indo
1080 2218 1102 2262 a
1124 2206 1226 2264 rostro
1248 2217 1352 2280 nsque
1373 2199 1417 2265 ad

261 2308 379 2367 metam
409 2298 617 2382 exteriorem,
645 2319 717 2364 cum
745 2319 856 2365 omnes
877 2300 1045 2384 agonistae
1070 2300 1154 2365 hanc
1177 2306 1295 2366 metam
1318 2321 1417 2386 appe·

264 2408 368 2470 tentes
398 2400 441 2472 ad
463 2400 591 2464 laevam
612 2419 722 2465 versus
751 2407 917 2484 urgerent,
946 2402 1168 2485 pressantibns
1189 2404 1338 2470 resistere
1362 2405 1413 2471 de

261 2502 377 2582 bebat,
406 2517 599 2580 quamquam
623 2500 794 2568 inhaere
818 2523 855 2568 co
884 2503 1069 2587 iuvabatnr,
1099 2503 1186 2585 qnod
1207 2506 1374 2588 proximos
1394 2528 1416 2572 a

261 2623 297 2668 sc
319 2608 430 2686 utpote
452 2602 484 2666 in
507 2620 598 2667 arcus
621 2623 718 2670 cornu
738 2609 865 2670 certans
886 2605 1031 2689 paullum
1052 2606 1236 2688 superabat.
1269 2606 1415 2673 Alterum

260 2701 496 2770 incommodum
519 2710 601 2786 erat,
625 2707 711 2786 quod
733 2706 778 2788 ci,
800 2707 988 2790 prinsquam
1009 2715 1129 2772 metam
1152 2707 1341 2774 exteriorem
1365 2731 1415 2776 as·

261 2811 457 2889 sequeretur,
480 2824 590 2871 cursus
606 2807 819 2873 retardandos
834 2814 912 2892 erat,
928 2829 975 2875 ne
991 2814 1046 2874 ant
1061 2809 1163 2875 effuso
1179 2829 1273 2877 cursu
1286 2819 1417 2894 practer

219 2909 223 2916 '
262 2930 334 2976 eam
361 2908 395 2974 in
423 2926 531 2972 arcum
556 2908 631 2973 circi
659 2915 766 2975 rueret
787 2916 843 2975 aut
865 2911 940 2991 eqni
968 2909 1191 2995 laberentnrfi)
1233 2912 1416 2979 Periculum

262 3019 368 3078 autem
385 3013 453 3076 crat
468 3008 548 3074 illud
563 3009 773 3092 notissimum,
796 3032 836 3077 nc
851 3032 914 3078 axe
937 3013 968 3078 in
986 3019 1078 3080 mcta-
1093 3012 1179 3078 illisa
1201 3033 1293 3080 curm
1316 3015 1415 3082 effun-

262 3114 401 3192 deretur,
426 3111 512 3192 quod
534 3112 710 3196 periculum
732 3132 845 3194 pressu
866 3115 923 3180 illo
946 3116 1132 3196 angebatur.

348 3215 499 3281 Dexter
522 3233 598 3279 vcro
621 3213 768 3296 agonista
787 3217 947 3283 contraria
967 3219 1034 3284 fere
1057 3239 1098 3285 ex
1121 3217 1205 3283 omni
1229 3224 1320 3301 parte
1343 3237 1415 3285 con-

262 3316 387 3384 dicione
402 3316 555 3398 certabat,
577 3316 611 3382 si
626 3315 717 3398 pari
733 3316 1048 3385 velocitatenna
1069 3319 1414 3385 continnafronte

261 3436 389 3499 nsque
417 3415 467 3480 ad
495 3425 638 3483 metam
667 3419 915 3486 exteriorem
944 3427 1232 3503 cucurrerunt,
1262 3419 1297 3486 id
1320 3421 1416 3503 quod,

350 3622 373 3684 l)
392 3581 498 3672 GM·
522 3620 697 3674 Ψ344-48.
738 3619 774 3673 Si
796 3618 871 3674 acie
894 3618 989 3688 prius
1012 3617 1200 3686 dissoluta,
1224 3626 1261 3674 ut
1284 3636 1415 3692 semper

261 3703 336 3758 fere
358 3701 481 3769 fiebat,
504 3702 594 3755 alius
621 3706 739 3758 metam
761 3703 893 3774 primus
918 3708 1164 3770 occupaverat,
1190 3705 1295 3760 huius
1318 3711 1415 3762 erant

262 3788 374 3842 eadem
393 3786 569 3842 commoda.

348 3877 373 3938 2)
390 3869 459 3926 Xen.
472 3871 506 3924 dc
518 3885 549 3924 re
561 3887 621 3939 equ.
636 3886 659 3926 c.
673 3870 725 3924 VH
738 3874 753 3937 ξ
769 3876 813 3926 15:
832 3875 875 3927 δεῖ
885 3870 915 3927 δὲ
926 3873 975 3926 καὶ
986 3863 1203 3940 ὑπολαμβάνειν
1213 3869 1245 3926 ἐν
1257 3882 1321 3939 ταῖς
1333 3893 1414 3948 στρο-

263 3965 343 4029 φαῖς·
363 3950 472 4028 οὐγὰρ
490 3951 591 4034 ῥᾴδιον
608 3959 650 4031 τῷ
665 3951 745 4030 ἵππῳ
764 3949 825 4012 οὐδ’
845 3953 972 4028 ἀσφαλὲς
989 3953 1020 4011 ἐν
1033 3959 1074 4031 τῷ
1086 3952 1166 4028 τάχει
1185 3951 1256 4013 ὄντα
1274 3955 1414 4029 κάμπτειν

262 4039 294 4098 ἐν
311 4043 413 4115 μικρῷ,
431 4036 524 4106 ἄλλως
541 4061 573 4098 τε
590 4035 646 4098 κᾶν
665 4035 836 4112 ἀπόκροτον
853 4035 872 4112 ἢ
890 4034 1049 4114 ὀλισθηρὸν
1066 4030 1084 4112 ᾖ
1103 4036 1137 4097 τὸ
1155 4042 1274 4112 χοιρίον.
