3096 4766
685 1086 725 1150 D.

377 1233 438 1317 nli
465 1234 760 1318 HIPPODROMO
788 1234 1028 1317 sutrinus.

540 1387 636 1451 (Theb.
654 1387 693 1440 VI
712 1391 867 1452 nas-549.)

211 1561 262 1626 Ne
279 1560 416 1627 Statium
437 1561 566 1644 quidem
582 1562 759 1644 periculum
774 1579 851 1625 suae
867 1561 981 1625 aetatis
997 1580 1089 1625 usum
1105 1561 1280 1626 circensem

126 1663 323 1746 descriptoni
347 1664 541 1729 Nemeorum
563 1665 597 1727 in
614 1662 802 1727 Archemori
825 1661 954 1726 laudern
977 1663 1115 1744 primum
1138 1662 1279 1727 celebra-

125 1772 229 1831 torum
254 1765 306 1830 hic
332 1765 400 1830 illic
428 1764 630 1830 immiscendi
658 1764 797 1828 evitasse
827 1782 1019 1845 quamquam
1043 1765 1099 1828 vix
1114 1771 1171 1828 -est
1193 1763 1280 1846 quod

127 1886 260 1949 urgeam
284 1868 316 1930 in
332 1886 456 1930 summa
471 1866 536 1930 illis
552 1865 748 1947 temporibus
764 1865 952 1929 circensium
968 1866 1116 1930 ludorum
1131 1867 1279 1948 frequen·

126 1970 189 2052 tia,
213 1975 320 2032 tamen
343 1974 392 2048 ut,
416 1967 471 2048 qui
494 1971 526 2031 et
548 1965 655 2048 quoad
677 1964 711 2029 id
735 1965 862 2046 feccrit,
892 1968 1071 2032 accuratius
1094 1987 1279 2049 cognoscas,

129 2070 272 2152 singulas
294 2089 346 2134 res
368 2068 554 2150 diligentius
582 2067 788 2133 considerans
818 2085 984 2132 secernere
1007 2068 1155 2133 conabor.
1200 2068 1280 2134 Cum

127 2190 180 2236 res
204 2169 371 2235 Thebaide
400 2176 566 2234 enarratae
595 2169 759 2250 aliquanto
788 2175 862 2233 ante
889 2168 1008 2233 bellurn
1032 2169 1205 2234 Troianum
1228 2190 1280 2235 ac-

130 2271 276 2353 ciderint,
299 2272 367 2336 iure
389 2277 613 2353 exspectamus
636 2269 882 2353 hippodromum
897 2270 925 2336 si
940 2291 1003 2336 non
1019 2270 1190 2336 Homerico
1207 2273 1279 2336 sim·

129 2375 306 2457 pliciorem,
330 2380 364 2438 at
385 2380 471 2439 certe
494 2374 523 2437 ei
546 2392 656 2455 parem
679 2373 787 2437 fuisse.
825 2372 943 2436 Verum
957 2374 1051 2439 aliter
1066 2394 1117 2439 res
1133 2393 1168 2439 se
1184 2373 1281 2439 habet

128 2476 215 2559 apud
236 2476 417 2557 Papinium.
462 2475 539 2540 Eius
563 2476 647 2539 enirn
671 2474 778 2538 animo
807 2475 993 2556 posterioris
1022 2477 1137 2540 aetatis
1167 2476 1280 2559 hippo-

129 2579 258 2644 dromus
281 2578 470 2643 obvorsatus
494 2585 551 2658 est,
576 2597 647 2641 cum
671 2575 749 2641 dicit
771 2597 824 2640 vv.
841 2579 1004 2642 255—60:

172 2695 316 2763 Collibus
339 2696 481 2761 incurvis
503 2695 664 2776 viridique
688 2695 820 2761 obsessa
842 2715 960 2761 corona

172 2799 273 2863 Vallis
296 2799 329 2861 in
352 2799 504 2880 amplexu
526 2817 691 2862 nemorum
714 2798 819 2862 sedet:
844 2797 973 2879 hispida
995 2800 1113 2864 circum

172 2898 264 2964 Stant
279 2901 365 2982 iuga,
389 2906 421 2964 et
443 2899 628 2965 obiectus
651 2899 823 2980 geminis
847 2901 1089 2967 umbonibus
1112 2923 1237 2984 agger

172 3000 358 3083 Campum
381 3001 496 3065 exire
518 3007 645 3082 vetat,
668 3001 765 3082 longo
789 3021 884 3084 quern
907 3003 1032 3067 tramite
1054 3004 1184 3085 planum

172 3103 366 3168 Gramineae
388 3103 508 3167 frontes
531 3103 719 3183 sinuataque
743 3105 885 3186 caespite
907 3106 983 3169 vivo

172 3205 282 3271 Mollia
305 3225 368 3270 non
391 3203 504 3269 subitis
526 3209 645 3285 augent
666 3203 798 3286 fastigia
820 3206 922 3271 clivis.

13 3383 24 3400 ,
132 3324 180 3388 Ab
196 3323 368 3389 Homerico
391 3322 614 3406 hippodromo,
637 3328 672 3386 ut
693 3323 838 3388 omittam
861 3325 906 3389 ibi
928 3325 1021 3390 unius
1045 3330 1167 3390 tantum
1189 3325 1281 3390 collis

134 3427 305 3492 cacuminis
328 3428 522 3491 mentionem
544 3422 614 3489 fieri
630 3425 678 3500 (Il.
699 3425 831 3509 l15450),
855 3447 926 3491 curn
943 3447 994 3492 ars
1013 3433 1078 3491 tam
1100 3428 1207 3492 aliena
1229 3427 1281 3508 sit,

134 3533 167 3590 ut
190 3527 285 3590 etiam
309 3527 448 3592 dubitari
470 3527 581 3609 possit,
603 3547 678 3591 num
700 3545 839 3608 unquam
854 3529 942 3609 prius
958 3529 1049 3610 equis
1065 3529 1110 3593 ibi
1126 3535 1281 3593 certatum

132 3629 173 3694 sit
195 3628 286 3704 (ibid.
309 3650 361 3695 vv.
378 3633 437 3694 331
458 3630 535 3711 sq.)‚
566 3627 646 3693 haec
674 3629 785 3709 vallis,
815 3628 870 3693 ubi
893 3630 1028 3695 collibus
1057 3649 1119 3694 non
1148 3631 1281 3695 circum·

132 3731 222 3795 clusa
238 3727 314 3812 hiat,
334 3737 516 3796 transverso
531 3749 650 3812 aggere
666 3737 779 3812 saepta
794 3737 850 3796 est.
888 3730 1057 3808 Quomodo
1073 3738 1180 3797 autem
1196 3732 1281 3798 hunc

131 3851 283 3914 aggerem
307 3839 500 3898 exstructam
521 3839 615 3914 putas
630 3833 692 3898 nisi
707 3833 853 3898 manibus
870 3833 1056 3898 hominum?
1093 3832 1179 3910 Quid
1194 3835 1280 3918 quod

133 3934 172 3999 de
192 3927 343 4015 ‘geminis
366 3924 569 4000 umbonibus’
596 3953 700 3999 sermo
724 3933 794 3998 est?
838 3936 892 4018 Hi,
915 3934 956 4000 de
979 3936 1094 4017 quibus
1114 3937 1210 4004 video
1233 3939 1280 4002 in·
1309 3925 1312 3932 ’

134 4040 287 4116 terpretes
309 4035 406 4100 valde
426 4035 583 4118 dubitare,
606 4035 687 4100 nihil
709 4036 798 4101 aliud
821 4035 900 4100 mibi
921 4036 1069 4102 videntur
1092 4059 1162 4106 esse
1184 4059 1281 4123 quarn
