3088 4774
231 309 273 369 88
632 308 663 362 B.
690 306 741 361 DE
760 303 981 360 TARAXIPPO.

318 480 473 546 Videmus
496 479 617 546 similes
641 480 808 564 opiniones
836 479 902 545 iam
923 475 1065 542 Homero
1087 493 1152 540 non
1173 473 1274 556 fuisse
1295 471 1389 554 igno-

232 589 292 650 tas.
336 583 421 648 Nam
450 580 538 646 illius
566 583 681 649 aetatis
710 581 857 647 homines
884 585 921 644 nt
941 579 1034 662 proni
1061 575 1106 642 ad
1128 594 1254 642 omnem
1277 592 1390 656 super·

233 684 411 765 stitionem,
435 702 645 766 quaecunque
668 703 710 750 ex
731 684 803 766 ipsa
823 699 931 747 rerum
951 686 1067 745 natura
1089 677 1321 761 sequebantur,
1343 672 1391 739 ad

233 783 379 852 divinam
400 785 623 851 auctoritatem
646 785 765 851 referre
787 781 968 864 studebant,
995 781 1043 848 sic
1064 780 1161 846 etiam
1183 779 1218 843 in
1239 777 1390 844 certatio·

233 887 343 971 nibus,
374 905 458 968 quae
486 885 570 952 forte
599 887 684 952 male
714 886 761 952 eis
789 884 989 965 acciderant,
1018 882 1125 948 infesti
1155 880 1219 947 sibi
1245 878 1391 944 numinis

234 988 439 1070 auctoritate,
468 1006 552 1069 quae
580 1006 734 1072 prospere
762 992 953 1069 evenerant,
980 984 1079 1050 fausti
1104 982 1241 1048 numinis
1263 981 1391 1046 auxilio

233 1091 320 1156 facta
341 1109 413 1156 esse
434 1087 617 1154 credebant.
1055 1093 1060 1102 “

318 1190 356 1254 In
379 1209 434 1272 eo,
458 1189 545 1272 quod
567 1189 762 1256 Homerus
784 1190 818 1254 in
839 1189 953 1255 Iliadis
979 1189 1014 1250 Ψ
1032 1186 1219 1270 descripsit,
1246 1184 1392 1267 equestri

235 1292 409 1358 certamine
424 1290 575 1357 Diomedi
590 1291 759 1357 Eumelum
775 1294 1048 1374 praeoccupatum
1060 1288 1178 1371 Apollo
1194 1287 1243 1352 illi
1258 1287 1359 1352 iratus
1367 1287 1391 1364 ¹)

234 1391 370 1476 flagrum
392 1411 410 1457 e
432 1412 529 1458 manu
552 1394 683 1476 excutit,
705 1399 741 1458 ut
755 1393 830 1476 equi
845 1393 914 1458 eius
933 1392 1083 1457 lacrimas
1106 1391 1147 1458 ob
1170 1390 1255 1456 hunc
1278 1407 1392 1454 casnm

235 1495 397 1560 fundentis
419 1493 547 1560 stimulo
570 1495 664 1561 liberi
685 1494 907 1576 relinquantur
927 1497 992 1568 (vv.
1009 1492 1179 1570 375-82).
1222 1491 1307 1556 Tum
1330 1489 1391 1554 lli·

236 1615 336 1661 nerva
358 1595 524 1681 Tydidae,
546 1597 599 1661 oui
621 1597 725 1677 favet,
747 1593 882 1678 flagrum
905 1596 938 1660 in
960 1615 1074 1663 manns
1095 1593 1204 1660 reddit
1225 1610 1393 1675 equosque

236 1697 306 1762 eius
327 1697 442 1763 robore
463 1697 576 1780 implet
598 1699 662 1774 (vv.
679 1698 835 1764 387-90.
853 1699 937 1780 400),
959 1698 1086 1764 Eumeli
1105 1702 1214 1762 autem
1228 1700 1319 1761 tanta
1341 1695 1393 1760 ira

235 1797 359 1881 flagrat,
383 1805 418 1864 nt
432 1799 542 1881 iugum
558 1800 627 1865 eius
649 1800 786 1882 frangat,
809 1818 872 1883 qno
887 1799 972 1864 iacto
991 1800 1066 1882 equi
1089 1797 1279 1878 discurrunt,
1302 1803 1391 1861 temo

237 1898 368 1965 humum
395 1899 496 1982 radit,
530 1901 601 1984 ipse
633 1920 712 1967 vero
747 1921 765 1967 e
793 1902 870 1984 biga
899 1919 1030 1968 eversus
1058 1901 1174 1966 misere
1202 1899 1392 1965 vulneratur

237 2007 304 2078 (vv.
321 2004 491 2078 391—97).
525 2001 596 2068 Hoc
611 2010 660 2068 est
675 2005 890 2085 veterrimum,
914 2010 1066 2086 quantum
1082 2001 1175 2068 nobis
1196 2005 1308 2068 notum
1332 2009 1392 2081 est,

236 2104 420 2186 exemplum
443 2122 597 2185 equorum
620 2105 653 2169 in
675 2106 849 2171 certamine
871 2109 1151 2172 constematornm.
1192 2103 1299 2168 Etiam
1321 2109 1392 2167 tan·

237 2207 322 2270 tulos
338 2225 441 2287 casus,
465 2206 609 2289 quantuli
623 2205 745 2290 flagelli
759 2207 891 2274 amissio
907 2213 940 2273 et
960 2206 1160 2289 recuperatio
1183 2210 1266 2286 sunt,
1289 2204 1393 2286 ipsius

238 2307 341 2372 divini
355 2306 494 2373 numinis
509 2308 698 2373 intercursui
708 2308 892 2374 adscribere
902 2309 1195 2392 antiquissimorum
1209 2313 1394 2390 temporum

228 2408 350 2491 pietati
372 2427 504 2490 prorsus
526 2411 685 2475 convenit.

322 2507 459 2591 Similia,
481 2516 516 2574 ut
536 2509 572 2575 id
594 2510 802 2594 comparandi
825 2530 923 2577 causa
942 2511 1087 2594 afferam,
1109 2511 1142 2574 in
1164 2510 1238 2576 aliis
1261 2528 1392 2591 quoque

238 2609 383 2678 certandi
398 2611 570 2693 generibus
584 2610 672 2677 finnt.
705 2612 743 2676 In
758 2631 921 2678 cursorum
937 2613 1068 2695 quidem
1084 2614 1259 2678 certamine
1273 2610 1392 2677 eadem

238 2712 383 2778 llinerva
404 2731 440 2778 se
461 2719 593 2796 precato
616 2714 723 2797 Ulixi,
752 2733 849 2797 quem
870 2714 904 2780 in
926 2713 1052 2780 deliciis
1075 2712 1188 2797 habet,
1212 2713 1269 2779 dat
1290 2713 1391 2779 victo·

237 2815 319 2879 riam
333 2814 434 2880 Aiace
449 2815 642 2882 labefactato
658 2819 723 2892 (vv.
742 2816 911 2898 768-83),
935 2819 967 2880 et
983 2815 1018 2882 in
1033 2816 1220 2900 sagittarum
1237 2815 1394 2882 missione

238 2917 304 2992 (vv.
320 2916 481 2992 859-83)
509 2916 628 3000 Apollo
653 2917 830 2984 Marionem
857 2915 1007 2998 adiuvat,
1035 2919 1092 3000 qui
1119 2918 1150 2983 ei
1179 2916 1393 2984 hecatomben

239 3016 416 3083 haedorum
430 3017 521 3084 vovit
537 3023 601 3097 (vv.
614 3021 777 3103 872sqq.),
792 3018 826 3084 id
843 3018 929 3102 quod
944 3019 1150 3085 adversarius
1165 3019 1244 3102 eius,
1256 3020 1393 3101 Teucer,

239 3120 456 3202 praetermisit
470 3124 534 3193 (vv.
552 3123 614 3185 863
626 3123 695 3204 sq).
731 3119 838 3200 Quare
852 3121 998 3188 videmus
1015 3120 1167 3186 victorias
1182 3122 1394 3187 certaminum

238 3220 282 3286 ad
304 3221 449 3287 favorem
471 3220 617 3288 divinum
640 3226 694 3291 vel
715 3230 905 3308 perpetuum
926 3223 980 3288 vel
1002 3223 1036 3286 in
1053 3228 1179 3306 tempus
1200 3229 1276 3288 voto
1299 3243 1393 3306 para·

239 3329 306 3388 tum
327 3322 475 3387 lubenter
496 3324 614 3391 relatas
637 3346 717 3393 esse.
761 3325 921 3407 Exempla
941 3323 1038 3389 modo
1060 3325 1161 3389 allata
1183 3324 1300 3390 docent
1320 3344 1394 3408 per·

239 3423 437 3489 turbationes
459 3440 614 3505 equorum
635 3447 700 3493 non
722 3424 919 3510 separandas
941 3442 1013 3491 esse
1033 3443 1055 3488 a
1080 3431 1277 3508 ceterorum,
1299 3446 1392 3509 prae-

240 3527 350 3592 sertim
373 3543 546 3608 cursorum,
570 3534 603 3592 et
617 3531 745 3594 omnino
761 3545 892 3594 numero
908 3525 1090 3592 divinarum
1105 3525 1140 3591 in
1162 3547 1213 3593 res
1235 3527 1393 3595 humanas

240 3627 505 3694 intercessionum
526 3626 723 3697 inserendas.

326 3727 474 3794 Ceterum
504 3726 582 3796 deos
610 3750 674 3796 non
703 3731 806 3798 solnm
837 3730 870 3793 in
891 3727 985 3793 laetis
1008 3729 1251 3814 certaminibus,
1280 3751 1393 3798 verum

241 3829 341 3895 etiam
368 3830 402 3893 in
432 3830 634 3912 gravioribus
663 3832 779 3914 pugnis
808 3849 962 3913 equorum
990 3832 1227 3913 perturbatores
1253 3835 1394 3901 existere

329 4049 353 4111 1)
372 4043 427 4099 Ofr.
440 4045 525 4101 schol.
538 4047 573 4103 ad
584 4063 608 4101 v.
621 4050 679 4101 383.
