3088 4774
543 319 574 372 Β.
600 317 651 371 DE
670 317 890 373 TARAXIPPO.
1249 315 1289 374 93

133 490 451 576 lexicographornm‚
474 491 661 575 posterioris
677 491 773 556 etiam
796 489 911 556 aetatis
930 494 1004 555 sunt
1024 508 1083 555 nec
1105 489 1181 555 novi
1203 489 1290 572 quic·

133 614 235 678 quam
256 595 417 676 prioribus
438 594 570 661 addunt.
593 627 635 638 —-
1033 613 1035 618 ·

222 696 268 763 Ut
289 693 490 762 heroicorum
506 701 684 778 temporum
700 693 862 778 equestria
877 694 1053 759 certamina
1072 691 1291 760 describentes

134 796 221 880 epici
243 803 361 880 poetae
382 797 489 862 tristes
511 816 604 862 casus
627 796 669 862 ad
692 796 837 862 divinum
862 796 1075 861 interventum
1098 795 1290 876 referebant,

134 899 184 966 sio
211 905 325 982 postea
352 899 386 964 11
414 898 493 980 ipsis
521 897 742 981 hippodromis
771 896 918 963 homines
939 917 1042 980 prava
1066 897 1292 980 superstitione

135 999 269 1066 deducti
299 1001 476 1066 malevolos
498 999 673 1066 daemones
702 999 895 1066 discriminis
917 1006 1065 1066 auctores
1088 1017 1159 1065 esse
1181 996 1291 1064 crede-

133 1103 223 1168 bant.
259 1102 497 1177 Multitudinem
520 1103 681 1167 variarum
703 1102 884 1167 fabularum
907 1101 1084 1167 Pausanias
1106 1101 1152 1176 (11
1167 1100 1221 1165 lib.
1236 1099 1290 1164 VI.

138 1224 210 1287 cap.
227 1204 299 1268 XX.
326 1206 463 1281 16-19)
485 1204 658 1287 diligenter
679 1204 853 1286 integram,
883 1211 919 1270 ut
945 1203 1089 1285 videtur,
1121 1201 1291 1284 congessit.

76 1365 81 1372 .
137 1306 286 1389 Longum
309 1313 475 1372 estunam
498 1323 659 1387 quamque
682 1323 790 1370 earum
813 1307 986 1388 separatim
1008 1304 1211 1390 perscrutari.
1253 1301 1293 1367 ld

135 1409 235 1475 modo
251 1408 401 1490 conabor,
416 1408 444 1474 si
459 1406 647 1473 veterrimas
663 1426 681 1472 e
697 1408 791 1490 copia
806 1426 975 1474 secernere
986 1408 1158 1490 contingat.
1188 1402 1292 1483 Quam

135 1511 283 1594 quisquis
312 1509 562 1592 percucurrerit,
590 1509 695 1591 primo
724 1510 836 1575 obtutu
864 1511 898 1574 11
920 1514 985 1576 tres
1007 1515 1115 1592 partes
1138 1515 1292 1574 secernet.

136 1613 247 1678 Prima
267 1631 343 1694 pars
366 1612 398 1689 (§
415 1613 571 1684 161117)
593 1610 719 1677 fabulas
742 1610 889 1677 heroicas
912 1612 1062 1678 continet.
1102 1612 1216 1677 Altera
1237 1609 1293 1677 ho·

136 1714 234 1779 minis
249 1713 403 1797 Aegyptii
418 1713 601 1779 narratione
616 1713 741 1778 inclusa
761 1719 810 1778 est
832 1713 862 1792 (ἕ
880 1715 940 1789 18).
974 1714 1034 1779 His
1056 1712 1196 1796 denique
1219 1734 1292 1780 con-

135 1816 237 1880 traria
259 1820 308 1880 est
323 1815 543 1897 Taraxippum
567 1833 745 1898 cognomen
760 1833 831 1880 esse
846 1815 988 1898 Neptuni
1003 1815 1169 1897 Equestris
1183 1817 1213 1893 (§
1231 1817 1293 1890 18).

136 1917 294 2001 Alteram,
311 1918 430 2000 quippe
446 1935 529 1998 quae
544 1916 586 1981 ad
602 1917 763 1998 magicam
778 1917 1033 1999 superstitionem
1052 1915 1173 1997 redeat,
1189 1917 1294 1999 prima

135 2018 349 2084 recentiorem
382 2037 454 2084 esse
481 2016 568 2082 haud
593 2016 727 2083 difficile
751 2025 799 2084 est
823 2018 1012 2084 diiudicatu.
1063 2017 1294 2083 Retinebantur

136 2119 287 2186 enimex
300 2119 359 2184 illa
373 2120 479 2203 prima
493 2117 626 2184 heroum
643 2119 773 2202 Pelopis
790 2124 821 2184 et
836 2118 993 2186 Oenomai
1014 2120 1155 2201 nomina,
1178 2119 1293 2202 quibus

136 2240 261 2304 recens,
283 2227 319 2286 nt
340 2223 387 2286 ita
405 2221 522 2303 dicam,
545 2221 771 2287 vestimentum
794 2220 940 2286 indutum
964 2228 1013 2288 est
1035 2222 1161 2304 magica
1182 2239 1293 2304 super·

137 2323 270 2389 stitione
291 2322 449 2388 adhibita.
483 2324 544 2388 Ars
559 2323 687 2406 magica
702 2341 894 2405 quamquam
911 2324 953 2388 ab
968 2321 1199 2405 antiquissimis
1214 2329 1292 2387 tem·

136 2423 270 2507 poribus
294 2425 450 2507 originem
474 2424 582 2509 duxit,
612 2432 719 2490 tamen
741 2444 944 2508 nequaquam
966 2424 1193 2509 progrediente
1214 2431 1292 2490 tem·

137 2545 217 2609 pore
238 2527 343 2609 magis
367 2527 534 2609 magisque
551 2527 690 2609 evanuit,
714 2527 810 2592 immo
826 2528 924 2593 etiam
939 2527 1171 2611 Imperatorum
1186 2532 1294 2592 aetate

136 2629 171 2692 in
186 2629 280 2694 circis
296 2628 553 2694 luxuriosissime
568 2627 713 2711 florebat,
730 2630 820 2695 cuius
832 2630 880 2695 rei
891 2628 1178 2696 luculentissimum
1192 2627 1294 2694 habes

137 2731 322 2811 exemplum
337 2730 464 2795 titulum
477 2730 622 2796 Africum
637 2732 671 2795 11
681 2730 765 2796 Β111.
779 2730 821 2797 (11
836 2751 916 2798 corr.
928 2730 1005 2797 hell.
1021 2732 1085 2796 vol.
1097 2728 1171 2794 XII.
1187 2749 1218 2813 p.
1232 2733 1294 2794 294

136 2830 327 2898 exhibitum.
372 2830 521 2897 Ceterum
544 2831 671 2913 confer,
702 2850 785 2913 quae
807 2831 1077 2897 Friedlaenderus
1104 2832 1138 2896 in
1161 2830 1295 2898 historia

136 2952 262 3000 morum
277 2934 495 2999 Romanorum
511 2934 576 2998 vol.
592 2932 633 2998 II.
650 2952 682 3015 p.
699 2934 760 2998 309
777 2931 818 2998 de
833 2934 961 3016 magica
983 2934 1016 2998 11
1033 2934 1127 2998 circis
1143 2935 1294 3000 Romanis

136 3035 271 3117 vulgata
293 3035 482 3118 disputavit.
529 3034 580 3100 Ne
602 3035 663 3100 hoc
692 3035 823 3117 quidem
844 3036 933 3100 casui
959 3035 1112 3115 tribuam,
1142 3034 1229 3116 quod
1252 3036 1294 3100 ab

136 3138 300 3220 Aegyptio
323 3137 454 3203 homine
479 3135 560 3202 haec
581 3143 760 3220 narrantur,
782 3142 893 3219 utpote
908 3138 940 3200 11
957 3136 1046 3202 cuius
1064 3137 1170 3219 patria
1185 3155 1293 3219 super·

139 3238 228 3304 stitio
251 3238 309 3304 illa
330 3258 450 3322 magna
472 3257 513 3303 ex
535 3244 627 3321 parte
650 3243 721 3303 orta
742 3237 913 3304 foveretur.
955 3239 1004 3304 Ac
1026 3257 1066 3303 ne
1088 3238 1203 3304 tertiae
1225 3239 1293 3320 qui-

138 3338 213 3404 dem
234 3341 422 3422 sententiae,
447 3359 544 3422 quam
560 3339 737 3406 Pausanias
752 3346 880 3423 praeter
900 3346 1024 3406 ceteras
1045 3340 1171 3422 probat,
1194 3341 1293 3406 maio·

137 3461 206 3507 rem
241 3460 337 3523 quam
369 3443 494 3525 primae
526 3446 720 3507 vetustatem
753 3441 962 3524 assignarim,
996 3440 1083 3523 quod
1115 3442 1294 3525 Taraxippi

139 3563 319 3626 cognomen
342 3545 525 3627 Neptunum
549 3543 725 3624 antiquitus
753 3542 905 3609 habuisse
934 3544 976 3608 ab
1005 3543 1092 3607 omni
1115 3543 1185 3608 veri
1207 3544 1294 3608 simi-

138 3644 276 3710 litudine
304 3645 465 3712 abhorret.
511 3640 681 3721 Quomodo
710 3645 794 3710 enim
824 3643 904 3710 haec
932 3646 1015 3710 inter
1043 3663 1078 3711 se
1101 3646 1296 3711 conveniunt

138 3746 324 3829 Neptunum
348 3748 417 3812 eius
438 3746 604 3828 animalis,
628 3747 714 3829 qnod
737 3746 859 3813 creavit
885 3751 1091 3827 creatumque
1112 3745 1146 3809 in
1167 3745 1294 3813 deliciis

139 3868 269 3932 semper
284 3847 434 3931 habebat,
457 3848 661 3916 formidinem
678 3850 817 3916 existere
832 3867 871 3914 ac
887 3846 1087 3930 perniciem?
1119 3847 1201 3912 Tam
1223 3866 1293 3931 per·

140 3969 238 4016 versa
260 3951 369 4033 opinio
393 3957 459 4016 tum
482 3951 611 4017 demum
633 3953 709 4017 oriri
731 3957 764 4016 et
791 3949 976 4033 pervulgari
997 3949 1116 4031 potuit,
1147 3969 1219 4014 cum
1240 3971 1294 4018 ve·

137 4058 225 4119 testa
246 4053 305 4118 illa
326 4051 369 4118 de
390 4052 541 4135 Neptuno
572 4055 647 4137 equi
677 4059 820 4121 creatore
847 4051 959 4118 fabula
988 4051 1152 4116 oblivione
1180 4052 1295 4118 obruta
