3096 4766
440 309 473 363 D.
500 308 552 363 DII
569 308 809 365 HIPPODROMO
827 310 1021 366 STATIANO.
1263 315 1304 372 35

153 484 223 551 Neo
237 503 316 551 vero
336 484 500 566 intellego,
523 502 682 565 quaenam
705 483 875 566 aurigandi
899 485 977 551 artis
998 485 1201 569 peritissimis
1216 507 1304 553 mon·

153 593 254 653 strare
277 585 455 651 debuerint.
501 583 614 652 Soribo
638 586 748 668 igitur:

216 703 403 788 Expediunt
423 703 612 786 firmantque
635 704 760 769 animos
782 707 821 769 et
842 703 960 786 plura
982 705 1234 788 ministrant,

152 843 236 906 qnae
251 823 385 888 mutatio
400 823 566 889 lenissima
580 828 639 906 est,
661 822 689 888 si
703 822 894 905 praesertim
907 823 997 906 prior
1010 823 1105 889 litera
1118 845 1141 889 n
1155 825 1188 889 in
1203 826 1303 891 verbo

80 967 82 972 -
150 929 328 991 monstrant
349 924 469 989 lineola
491 924 708 1007 superseripta
729 922 911 1006 significata
925 931 1002 992 erat.
1037 924 1204 992 Sententia
1226 947 1302 994 vero

150 1029 198 1093 sio
214 1025 357 1111 effletur,
375 1045 457 1108 quae
473 1026 645 1109 unicuique
666 1031 780 1109 aperta
793 1025 836 1090 sit
850 1025 893 1091 ad
908 1026 1170 1109 intellegendum.
1204 1028 1301 1094 Nann-
1369 1033 1377 1048 '

151 1148 213 1211 que
241 1134 352 1212 poeta,
382 1128 535 1210 qnoniam
563 1127 627 1193 duo
656 1127 793 1193 lidorum
821 1128 1000 1194 ministeria
1029 1129 1301 1212 commemoravit,

148 1231 242 1313 plura
264 1249 452 1297 enumerare
473 1229 670 1313 supersedet.
715 1228 814 1294 Plura
838 1228 966 1295 addidit
988 1230 1185 1312 Apollinaris
1208 1229 1301 1296 Sido·

130 1333 221 1399 ‘nius
242 1352 339 1399 earm.
355 1331 470 1396 XXIII
485 1333 632 1396 325-30
654 1336 797 1397 nostrum
819 1331 927 1397 loeum
949 1332 1105 1398 imitatus:

681 1449 852 1516 Continent
872 1439 1055 1516 minist'ri

366 1551 433 1619 Ora
454 1559 486 1619 et
507 1553 578 1618 lora
598 1572 712 1618 manus
734 1552 890 1635 iubasque
913 1557 1013 1618 tortas

366 1655 493 1738 Cogunt
513 1652 675 1720 flexilibus
697 1654 798 1719 latere
820 1653 914 1720 nodis

366 1756 605 1839 Hortanturque
628 1756 732 1822 obiter
753 1755 928 1839 iuvantque
952 1754 1079 1821 blandis

365 1859 457 1926 Ultro
479 1857 647 1941 plausibus
670 1863 702 1920 ot
723 1857 950 1940 voluptuosum

367 1960 498 2024 Diotant
519 1956 838 2041 quadrupedantibus
859 1959 1009 2024 furorem.

147 2077 301 2162 Suspieor
328 2075 498 2143 Sidonium
526 2075 622 2142 Statii
655 2094 785 2141 versum
815 2077 863 2141 ita
894 2076 1030 2159 legisse,
1063 2080 1098 2138 ut
1131 2092 1192 2156 ego
1226 2093 1299 2141 oum

147 2197 271 2261 seripsr.
