<?xml version="1.0" encoding="UTF-8"?>
<!DOCTYPE html PUBLIC "-//W3C//DTD XHTML 1.0 Transitional//EN"
    "http://www.w3.org/TR/xhtml1/DTD/xhtml1-transitional.dtd">
<html xmlns="http://www.w3.org/1999/xhtml" xml:lang="en" lang="en">
 <head>
  <title>
</title>
<meta http-equiv="Content-Type" content="text/html;charset=utf-8" />
  <meta name='ocr-system' content='tesseract 3.04.00' />
  <meta name='ocr-capabilities' content='ocr_page ocr_carea ocr_par ocr_line ocrx_word'/>
</head>
<body>
  <div class='ocr_page' id='page_1' title='image "./hippodromica01pollgoog_0060.png"; bbox 0 0 3096 4766; ppageno 0'>
   <div class='ocr_carea' id='block_1_1' title="bbox 281 291 1047 355">
    <p class='ocr_par' dir='ltr' id='par_1_1' title="bbox 281 291 1047 355">
     <span class='ocr_line' id='line_1_1' title="bbox 281 291 1047 355; baseline -0.012 0"><span class='ocrx_word' id='word_1_1' title='bbox 281 296 321 355; x_wconf 79' lang='lat'>50</span> <span class='ocrx_word' id='word_1_2' title='bbox 666 294 702 349; x_wconf 91' lang='lat'>11.</span> <span class='ocrx_word' id='word_1_3' title='bbox 729 293 781 346; x_wconf 77' lang='lat' dir='ltr'>Dm</span> <span class='ocrx_word' id='word_1_4' title='bbox 797 291 920 348; x_wconf 82' lang='lat' dir='ltr'><strong>LAEVO</strong></span> <span class='ocrx_word' id='word_1_5' title='bbox 939 292 1047 348; x_wconf 82' lang='lat' dir='ltr'>GYRO.</span> 
     </span>
    </p>
   </div>
   <div class='ocr_carea' id='block_1_2' title="bbox 247 464 1457 2788">
    <p class='ocr_par' dir='ltr' id='par_1_2' title="bbox 247 464 1457 1470">
     <span class='ocr_line' id='line_1_2' title="bbox 366 464 1456 550; baseline 0 -16"><span class='ocrx_word' id='word_1_6' title='bbox 366 469 418 536; x_wconf 85' lang='lat' dir='ltr'>Ab</span> <span class='ocrx_word' id='word_1_7' title='bbox 441 468 594 535; x_wconf 93' lang='lat' dir='ltr'>hocloco</span> <span class='ocrx_word' id='word_1_8' title='bbox 616 488 680 534; x_wconf 93' lang='lat' dir='ltr'>non</span> <span class='ocrx_word' id='word_1_9' title='bbox 702 467 845 533; x_wconf 87' lang='lat' dir='ltr'>alienum</span> <span class='ocrx_word' id='word_1_10' title='bbox 866 486 937 534; x_wconf 88' lang='lat' dir='ltr'>esse</span> <span class='ocrx_word' id='word_1_11' title='bbox 959 485 1076 533; x_wconf 88' lang='lat' dir='ltr'>censeo</span> <span class='ocrx_word' id='word_1_12' title='bbox 1099 466 1195 532; x_wconf 90' lang='lat' dir='ltr'>etiam</span> <span class='ocrx_word' id='word_1_13' title='bbox 1217 464 1261 531; x_wconf 90' lang='lat' dir='ltr'>ad</span> <span class='ocrx_word' id='word_1_14' title='bbox 1275 467 1456 550; x_wconf 82' lang='lat' dir='ltr'>imagines</span> 
     </span>
     <span class='ocr_line' id='line_1_3' title="bbox 282 567 1457 655; baseline -0.003 -18"><span class='ocrx_word' id='word_1_15' title='bbox 282 591 436 655; x_wconf 86' lang='lat' dir='ltr'>equorum</span> <span class='ocrx_word' id='word_1_16' title='bbox 464 569 605 636; x_wconf 86' lang='lat' dir='ltr'>adversa</span> <span class='ocrx_word' id='word_1_17' title='bbox 631 571 735 635; x_wconf 88' lang='lat' dir='ltr'>fronte</span> <span class='ocrx_word' id='word_1_18' title='bbox 761 569 919 652; x_wconf 89' lang='lat' dir='ltr'>pictorum</span> <span class='ocrx_word' id='word_1_19' title='bbox 947 569 1056 635; x_wconf 91' lang='lat' dir='ltr'>oculos</span> <span class='ocrx_word' id='word_1_20' title='bbox 1085 568 1224 635; x_wconf 76' lang='lat' dir='ltr'>adicere.</span> <span class='ocrx_word' id='word_1_21' title='bbox 1273 567 1330 651; x_wconf 92' lang='lat' dir='ltr'>ld,</span> <span class='ocrx_word' id='word_1_22' title='bbox 1364 570 1457 652; x_wconf 90' lang='lat' dir='ltr'>quia</span> 
     </span>
     <span class='ocr_line' id='line_1_4' title="bbox 281 671 1456 756; baseline -0.002 -17"><span class='ocrx_word' id='word_1_23' title='bbox 281 693 382 756; x_wconf 90' lang='lat' dir='ltr'>equus</span> <span class='ocrx_word' id='word_1_24' title='bbox 405 672 543 738; x_wconf 87' lang='lat' dir='ltr'>afronte</span> <span class='ocrx_word' id='word_1_25' title='bbox 565 673 669 755; x_wconf 87' lang='lat' dir='ltr'>pictus</span> <span class='ocrx_word' id='word_1_26' title='bbox 691 672 797 737; x_wconf 91' lang='lat' dir='ltr'>minus</span> <span class='ocrx_word' id='word_1_27' title='bbox 818 676 986 736; x_wconf 80' lang='lat' dir='ltr'><strong>venustam</strong></span> <span class='ocrx_word' id='word_1_28' title='bbox 1009 672 1150 754; x_wconf 90' lang='lat' dir='ltr'>speciem</span> <span class='ocrx_word' id='word_1_29' title='bbox 1172 671 1319 753; x_wconf 78' lang='lat' dir='ltr'>praebet,</span> <span class='ocrx_word' id='word_1_30' title='bbox 1341 672 1456 737; x_wconf 83' lang='lat' dir='ltr'>raris-</span> 
     </span>
     <span class='ocr_line' id='line_1_5' title="bbox 281 769 1456 859; baseline -0.004 -18"><span class='ocrx_word' id='word_1_31' title='bbox 281 778 372 856; x_wconf 83' lang='lat' dir='ltr'>sime,</span> <span class='ocrx_word' id='word_1_32' title='bbox 394 775 463 859; x_wconf 90' lang='lat' dir='ltr'>sed,</span> <span class='ocrx_word' id='word_1_33' title='bbox 486 776 514 840; x_wconf 91' lang='lat' dir='ltr'>si</span> <span class='ocrx_word' id='word_1_34' title='bbox 535 774 706 857; x_wconf 86' lang='lat' dir='ltr'>iaciebant,</span> <span class='ocrx_word' id='word_1_35' title='bbox 729 773 776 837; x_wconf 89' lang='lat' dir='ltr'>ita</span> <span class='ocrx_word' id='word_1_36' title='bbox 797 790 924 854; x_wconf 82' lang='lat' dir='ltr'>semper</span> <span class='ocrx_word' id='word_1_37' title='bbox 944 769 1122 856; x_wconf 79' lang='lat' dir='ltr'>faciebant,</span> <span class='ocrx_word' id='word_1_38' title='bbox 1145 778 1181 837; x_wconf 93' lang='lat' dir='ltr'>ut</span> <span class='ocrx_word' id='word_1_39' title='bbox 1203 772 1278 854; x_wconf 91' lang='lat' dir='ltr'>equi</span> <span class='ocrx_word' id='word_1_40' title='bbox 1301 792 1363 837; x_wconf 90' lang='lat' dir='ltr'>ora</span> <span class='ocrx_word' id='word_1_41' title='bbox 1391 772 1456 837; x_wconf 90' lang='lat' dir='ltr'>de·</span> 
     </span>
     <span class='ocr_line' id='line_1_6' title="bbox 281 873 1456 960; baseline -0.004 -17"><span class='ocrx_word' id='word_1_42' title='bbox 281 879 446 960; x_wconf 89' lang='lat' dir='ltr'>clinarent,</span> <span class='ocrx_word' id='word_1_43' title='bbox 462 875 642 958; x_wconf 84' lang='lat' dir='ltr'>quadrigae</span> <span class='ocrx_word' id='word_1_44' title='bbox 656 873 755 939; x_wconf 91' lang='lat' dir='ltr'>medii</span> <span class='ocrx_word' id='word_1_45' title='bbox 770 873 950 954; x_wconf 82' lang='lat' dir='ltr'>introrsum,</span> <span class='ocrx_word' id='word_1_46' title='bbox 966 875 1065 938; x_wconf 88' lang='lat' dir='ltr'>ceteri</span> <span class='ocrx_word' id='word_1_47' title='bbox 1076 876 1297 948; x_wconf 57' lang='lat' dir='ltr'>‚exborsumstl</span> <span class='ocrx_word' id='word_1_48' title='bbox 1332 873 1456 940; x_wconf 88' lang='lat' dir='ltr'>Unam</span> 
     </span>
     <span class='ocr_line' id='line_1_7' title="bbox 247 965 1455 1062; baseline -0.002 -17"><span class='ocrx_word' id='word_1_49' title='bbox 247 965 249 969; x_wconf 39' lang='lat'>¹</span> <span class='ocrx_word' id='word_1_50' title='bbox 282 978 433 1062; x_wconf 87' lang='lat' dir='ltr'>equidem</span> <span class='ocrx_word' id='word_1_51' title='bbox 453 978 531 1043; x_wconf 89' lang='lat' dir='ltr'>novi</span> <span class='ocrx_word' id='word_1_52' title='bbox 553 976 832 1059; x_wconf 80' lang='lat' dir='ltr'>exceptiunculam</span> <span class='ocrx_word' id='word_1_53' title='bbox 854 973 942 1058; x_wconf 89' lang='lat' dir='ltr'>apud</span> <span class='ocrx_word' id='word_1_54' title='bbox 964 973 1061 1040; x_wconf 81' lang='lat' dir='ltr'>Gerb.</span> <span class='ocrx_word' id='word_1_55' title='bbox 1085 976 1129 1042; x_wconf 90' lang='lat' dir='ltr'>ib.</span> <span class='ocrx_word' id='word_1_56' title='bbox 1152 975 1332 1056; x_wconf 80' lang='lat' dir='ltr'>cccxxi,</span> <span class='ocrx_word' id='word_1_57' title='bbox 1353 996 1455 1059; x_wconf 87' lang='lat' dir='ltr'>quae</span> 
     </span>
     <span class='ocr_line' id='line_1_8' title="bbox 282 1077 1454 1164; baseline -0.003 -18"><span class='ocrx_word' id='word_1_58' title='bbox 282 1098 378 1164; x_wconf 90' lang='lat' dir='ltr'>quam</span> <span class='ocrx_word' id='word_1_59' title='bbox 400 1079 529 1145; x_wconf 91' lang='lat' dir='ltr'>illorum</span> <span class='ocrx_word' id='word_1_60' title='bbox 552 1085 728 1160; x_wconf 89' lang='lat' dir='ltr'>temporum</span> <span class='ocrx_word' id='word_1_61' title='bbox 749 1078 853 1160; x_wconf 91' lang='lat' dir='ltr'>pictor</span> <span class='ocrx_word' id='word_1_62' title='bbox 875 1083 971 1159; x_wconf 87' lang='lat' dir='ltr'>caput</span> <span class='ocrx_word' id='word_1_63' title='bbox 993 1077 1144 1159; x_wconf 91' lang='lat' dir='ltr'>equinum</span> <span class='ocrx_word' id='word_1_64' title='bbox 1166 1077 1305 1143; x_wconf 87' lang='lat' dir='ltr'>afronte</span> <span class='ocrx_word' id='word_1_65' title='bbox 1324 1079 1454 1162; x_wconf 89' lang='lat' dir='ltr'>depin-</span> 
     </span>
     <span class='ocr_line' id='line_1_9' title="bbox 281 1177 1454 1266; baseline -0.003 -17"><span class='ocrx_word' id='word_1_66' title='bbox 281 1202 358 1266; x_wconf 88' lang='lat' dir='ltr'>gere</span> <span class='ocrx_word' id='word_1_67' title='bbox 380 1201 443 1247; x_wconf 94' lang='lat' dir='ltr'>non</span> <span class='ocrx_word' id='word_1_68' title='bbox 469 1179 565 1246; x_wconf 87' lang='lat' dir='ltr'>fuerit</span> <span class='ocrx_word' id='word_1_69' title='bbox 593 1179 801 1260; x_wconf 85' lang='lat' dir='ltr'>exercitatus,</span> <span class='ocrx_word' id='word_1_70' title='bbox 830 1177 955 1243; x_wconf 86' lang='lat' dir='ltr'>affatim</span> <span class='ocrx_word' id='word_1_71' title='bbox 984 1178 1132 1244; x_wconf 92' lang='lat' dir='ltr'>ostendit.</span> <span class='ocrx_word' id='word_1_72' title='bbox 1176 1180 1309 1245; x_wconf 87' lang='lat' dir='ltr'>Falsum</span> <span class='ocrx_word' id='word_1_73' title='bbox 1339 1181 1454 1264; x_wconf 88' lang='lat' dir='ltr'>igitur</span> 
     </span>
     <span class='ocr_line' id='line_1_10' title="bbox 283 1279 1452 1368; baseline -0.002 -18"><span class='ocrx_word' id='word_1_74' title='bbox 283 1287 391 1368; x_wconf 87' lang='lat' dir='ltr'>imago</span> <span class='ocrx_word' id='word_1_75' title='bbox 413 1279 616 1347; x_wconf 81' lang='lat' dir='ltr'>aGerhardo</span> <span class='ocrx_word' id='word_1_76' title='bbox 639 1281 681 1346; x_wconf 92' lang='lat' dir='ltr'>ib.</span> <span class='ocrx_word' id='word_1_77' title='bbox 697 1280 791 1346; x_wconf 87' lang='lat' dir='ltr'>LXII</span> <span class='ocrx_word' id='word_1_78' title='bbox 813 1279 959 1345; x_wconf 80' lang='lat' dir='ltr'>exhibita</span> <span class='ocrx_word' id='word_1_79' title='bbox 980 1280 1235 1362; x_wconf 89' lang='lat' dir='ltr'>supplementum</span> <span class='ocrx_word' id='word_1_80' title='bbox 1256 1301 1357 1364; x_wconf 87' lang='lat' dir='ltr'>passa</span> <span class='ocrx_word' id='word_1_81' title='bbox 1384 1289 1452 1362; x_wconf 86' lang='lat' dir='ltr'>est,</span> 
     </span>
     <span class='ocr_line' id='line_1_11' title="bbox 262 1382 1320 1470; baseline -0.005 -18"><span class='ocrx_word' id='word_1_82' title='bbox 262 1386 370 1470; x_wconf 72' lang='lat' dir='ltr'>‚quod</span> <span class='ocrx_word' id='word_1_83' title='bbox 392 1383 492 1450; x_wconf 87' lang='lat' dir='ltr'>medii</span> <span class='ocrx_word' id='word_1_84' title='bbox 515 1382 693 1466; x_wconf 87' lang='lat' dir='ltr'>quadrigae</span> <span class='ocrx_word' id='word_1_85' title='bbox 716 1383 791 1465; x_wconf 94' lang='lat' dir='ltr'>equi</span> <span class='ocrx_word' id='word_1_86' title='bbox 813 1388 901 1448; x_wconf 90' lang='lat' dir='ltr'>recta</span> <span class='ocrx_word' id='word_1_87' title='bbox 922 1382 1026 1447; x_wconf 84' lang='lat' dir='ltr'>fronte</span> <span class='ocrx_word' id='word_1_88' title='bbox 1047 1383 1254 1465; x_wconf 86' lang='lat' dir='ltr'>prospiciunt</span> <span class='ocrx_word' id='word_1_89' title='bbox 1276 1418 1320 1429; x_wconf 94' lang='lat'><em>-</em></span> 
     </span>
    </p>

    <p class='ocr_par' dir='ltr' id='par_1_3' title="bbox 283 1482 1450 2788">
     <span class='ocr_line' id='line_1_12' title="bbox 368 1482 1450 1568; baseline -0.001 -17"><span class='ocrx_word' id='word_1_90' title='bbox 368 1487 438 1552; x_wconf 86' lang='lat' dir='ltr'>Hoc</span> <span class='ocrx_word' id='word_1_91' title='bbox 460 1486 531 1551; x_wconf 91' lang='lat' dir='ltr'>loco</span> <span class='ocrx_word' id='word_1_92' title='bbox 553 1485 705 1568; x_wconf 92' lang='lat' dir='ltr'>quoniam</span> <span class='ocrx_word' id='word_1_93' title='bbox 728 1482 771 1549; x_wconf 91' lang='lat' dir='ltr'>ad</span> <span class='ocrx_word' id='word_1_94' title='bbox 794 1482 950 1565; x_wconf 90' lang='lat' dir='ltr'>quasdam</span> <span class='ocrx_word' id='word_1_95' title='bbox 974 1484 1092 1549; x_wconf 89' lang='lat' dir='ltr'>veteris</span> <span class='ocrx_word' id='word_1_96' title='bbox 1120 1485 1265 1567; x_wconf 88' lang='lat' dir='ltr'>picturae</span> <span class='ocrx_word' id='word_1_97' title='bbox 1293 1485 1450 1568; x_wconf 83' lang='lat' dir='ltr'>proprie</span> 
     </span>
     <span class='ocr_line' id='line_1_13' title="bbox 283 1583 1449 1671; baseline -0.004 -16"><span class='ocrx_word' id='word_1_98' title='bbox 283 1595 365 1655; x_wconf 88' lang='lat' dir='ltr'>tates</span> <span class='ocrx_word' id='word_1_99' title='bbox 388 1588 478 1671; x_wconf 88' lang='lat' dir='ltr'>veni,</span> <span class='ocrx_word' id='word_1_100' title='bbox 508 1587 627 1668; x_wconf 89' lang='lat' dir='ltr'>quina</span> <span class='ocrx_word' id='word_1_101' title='bbox 655 1583 918 1668; x_wconf 92' lang='lat' dir='ltr'>quadrupedibus</span> <span class='ocrx_word' id='word_1_102' title='bbox 946 1583 990 1649; x_wconf 91' lang='lat' dir='ltr'>ad</span> <span class='ocrx_word' id='word_1_103' title='bbox 1019 1583 1164 1652; x_wconf 92' lang='lat' dir='ltr'>homines</span> <span class='ocrx_word' id='word_1_104' title='bbox 1191 1587 1358 1669; x_wconf 87' lang='lat' dir='ltr'>paulisper</span> <span class='ocrx_word' id='word_1_105' title='bbox 1390 1605 1449 1650; x_wconf 91' lang='lat' dir='ltr'>me</span> 
     </span>
     <span class='ocr_line' id='line_1_14' title="bbox 284 1686 1447 1773; baseline -0.003 -16"><span class='ocrx_word' id='word_1_106' title='bbox 284 1694 485 1770; x_wconf 85' lang='lat' dir='ltr'>convertam,</span> <span class='ocrx_word' id='word_1_107' title='bbox 515 1689 621 1755; x_wconf 87' lang='lat' dir='ltr'>facere</span> <span class='ocrx_word' id='word_1_108' title='bbox 643 1707 706 1752; x_wconf 94' lang='lat' dir='ltr'>non</span> <span class='ocrx_word' id='word_1_109' title='bbox 733 1706 879 1770; x_wconf 91' lang='lat' dir='ltr'>possum,</span> <span class='ocrx_word' id='word_1_110' title='bbox 910 1687 987 1768; x_wconf 92' lang='lat' dir='ltr'>quia</span> <span class='ocrx_word' id='word_1_111' title='bbox 1015 1686 1241 1755; x_wconf 90' lang='lat' dir='ltr'>stadiodromis</span> <span class='ocrx_word' id='word_1_112' title='bbox 1269 1689 1366 1773; x_wconf 92' lang='lat' dir='ltr'>pictis</span> <span class='ocrx_word' id='word_1_113' title='bbox 1400 1689 1447 1753; x_wconf 89' lang='lat' dir='ltr'>ab</span> 
     </span>
     <span class='ocr_line' id='line_1_15' title="bbox 283 1787 1447 1858; baseline -0.002 -1"><span class='ocrx_word' id='word_1_114' title='bbox 283 1790 458 1858; x_wconf 88' lang='lat' dir='ltr'>artificibus</span> <span class='ocrx_word' id='word_1_115' title='bbox 486 1791 685 1856; x_wconf 89' lang='lat' dir='ltr'>simillimum</span> <span class='ocrx_word' id='word_1_116' title='bbox 712 1787 870 1855; x_wconf 84' lang='lat' dir='ltr'>accidisse</span> <span class='ocrx_word' id='word_1_117' title='bbox 899 1788 1005 1853; x_wconf 87' lang='lat' dir='ltr'>video.</span> <span class='ocrx_word' id='word_1_118' title='bbox 1054 1788 1112 1855; x_wconf 83' lang='lat' dir='ltr'>Est</span> <span class='ocrx_word' id='word_1_119' title='bbox 1140 1791 1225 1855; x_wconf 90' lang='lat' dir='ltr'>enim</span> <span class='ocrx_word' id='word_1_120' title='bbox 1254 1787 1447 1855; x_wconf 90' lang='lat' dir='ltr'>hominibus</span> 
     </span>
     <span class='ocr_line' id='line_1_16' title="bbox 283 1889 1445 1974; baseline -0.002 -16"><span class='ocrx_word' id='word_1_121' title='bbox 283 1894 317 1959; x_wconf 92' lang='lat' dir='ltr'>id</span> <span class='ocrx_word' id='word_1_122' title='bbox 348 1899 434 1960; x_wconf 90' lang='lat' dir='ltr'>certe</span> <span class='ocrx_word' id='word_1_123' title='bbox 463 1911 536 1958; x_wconf 90' lang='lat' dir='ltr'>eum</span> <span class='ocrx_word' id='word_1_124' title='bbox 565 1889 828 1974; x_wconf 87' lang='lat' dir='ltr'>quadrupedibus</span> <span class='ocrx_word' id='word_1_125' title='bbox 857 1909 1041 1972; x_wconf 89' lang='lat' dir='ltr'>commune,</span> <span class='ocrx_word' id='word_1_126' title='bbox 1073 1895 1109 1955; x_wconf 94' lang='lat' dir='ltr'>ut</span> <span class='ocrx_word' id='word_1_127' title='bbox 1141 1892 1287 1958; x_wconf 86' lang='lat' dir='ltr'>membra</span> <span class='ocrx_word' id='word_1_128' title='bbox 1320 1890 1445 1958; x_wconf 90' lang='lat' dir='ltr'>eodem</span> 
     </span>
     <span class='ocr_line' id='line_1_17' title="bbox 283 1992 1445 2078; baseline -0.003 -16"><span class='ocrx_word' id='word_1_129' title='bbox 283 2003 380 2078; x_wconf 90' lang='lat' dir='ltr'>atque</span> <span class='ocrx_word' id='word_1_130' title='bbox 409 1994 468 2059; x_wconf 87' lang='lat' dir='ltr'>illa</span> <span class='ocrx_word' id='word_1_131' title='bbox 495 1992 608 2059; x_wconf 92' lang='lat' dir='ltr'>ordine</span> <span class='ocrx_word' id='word_1_132' title='bbox 634 1998 802 2074; x_wconf 87' lang='lat' dir='ltr'>moveant,</span> <span class='ocrx_word' id='word_1_133' title='bbox 829 1993 893 2059; x_wconf 88' lang='lat' dir='ltr'>nisi</span> <span class='ocrx_word' id='word_1_134' title='bbox 916 1992 1001 2074; x_wconf 92' lang='lat' dir='ltr'>quod</span> <span class='ocrx_word' id='word_1_135' title='bbox 1030 2011 1143 2058; x_wconf 86' lang='lat' dir='ltr'>manus</span> <span class='ocrx_word' id='word_1_136' title='bbox 1171 2014 1235 2059; x_wconf 91' lang='lat' dir='ltr'>non</span> <span class='ocrx_word' id='word_1_137' title='bbox 1263 1994 1445 2060; x_wconf 86' lang='lat' dir='ltr'>interram</span> 
     </span>
     <span class='ocr_line' id='line_1_18' title="bbox 283 2093 1445 2182; baseline -0.006 -17"><span class='ocrx_word' id='word_1_138' title='bbox 283 2103 450 2182; x_wconf 91' lang='lat' dir='ltr'>reponunt</span> <span class='ocrx_word' id='word_1_139' title='bbox 494 2094 565 2161; x_wconf 90' lang='lat' dir='ltr'>Hoc</span> <span class='ocrx_word' id='word_1_140' title='bbox 592 2115 670 2161; x_wconf 86' lang='lat' dir='ltr'>vero</span> <span class='ocrx_word' id='word_1_141' title='bbox 699 2095 727 2161; x_wconf 90' lang='lat' dir='ltr'>si</span> <span class='ocrx_word' id='word_1_142' title='bbox 755 2095 854 2160; x_wconf 89' lang='lat' dir='ltr'>etiam</span> <span class='ocrx_word' id='word_1_143' title='bbox 882 2094 1026 2178; x_wconf 89' lang='lat' dir='ltr'>additur,</span> <span class='ocrx_word' id='word_1_144' title='bbox 1057 2093 1302 2178; x_wconf 90' lang='lat' dir='ltr'>quadrupedum</span> <span class='ocrx_word' id='word_1_145' title='bbox 1331 2103 1445 2161; x_wconf 89' lang='lat' dir='ltr'>noster</span> 
     </span>
     <span class='ocr_line' id='line_1_19' title="bbox 284 2194 1445 2280; baseline -0.003 -14"><span class='ocrx_word' id='word_1_146' title='bbox 284 2201 428 2267; x_wconf 88' lang='lat' dir='ltr'>incessus</span> <span class='ocrx_word' id='word_1_147' title='bbox 457 2197 638 2264; x_wconf 89' lang='lat' dir='ltr'>simillimus</span> <span class='ocrx_word' id='word_1_148' title='bbox 667 2203 726 2263; x_wconf 87' lang='lat' dir='ltr'>est.</span> <span class='ocrx_word' id='word_1_149' title='bbox 776 2196 821 2262; x_wconf 91' lang='lat' dir='ltr'>Ut</span> <span class='ocrx_word' id='word_1_150' title='bbox 848 2197 946 2279; x_wconf 89' lang='lat' dir='ltr'>igitur</span> <span class='ocrx_word' id='word_1_151' title='bbox 974 2194 1157 2278; x_wconf 87' lang='lat' dir='ltr'>quadrupes</span> <span class='ocrx_word' id='word_1_152' title='bbox 1185 2197 1305 2262; x_wconf 91' lang='lat' dir='ltr'>tolutili</span> <span class='ocrx_word' id='word_1_153' title='bbox 1334 2198 1445 2280; x_wconf 84' lang='lat' dir='ltr'>gradu</span> 
     </span>
     <span class='ocr_line' id='line_1_20' title="bbox 284 2297 1444 2383; baseline -0.002 -16"><span class='ocrx_word' id='word_1_154' title='bbox 284 2301 437 2368; x_wconf 89' lang='lat' dir='ltr'>incedens</span> <span class='ocrx_word' id='word_1_155' title='bbox 459 2298 560 2383; x_wconf 90' lang='lat' dir='ltr'>pedes</span> <span class='ocrx_word' id='word_1_156' title='bbox 583 2298 777 2365; x_wconf 86' lang='lat' dir='ltr'>decussatim</span> <span class='ocrx_word' id='word_1_157' title='bbox 791 2302 966 2381; x_wconf 88' lang='lat' dir='ltr'>promovet,</span> <span class='ocrx_word' id='word_1_158' title='bbox 989 2297 1109 2363; x_wconf 77' lang='lat' dir='ltr'>sic‘nos</span> <span class='ocrx_word' id='word_1_159' title='bbox 1124 2317 1252 2381; x_wconf 90' lang='lat' dir='ltr'>quoque</span> <span class='ocrx_word' id='word_1_160' title='bbox 1275 2306 1444 2366; x_wconf 90' lang='lat' dir='ltr'>currentes</span> 
     </span>
     <span class='ocr_line' id='line_1_21' title="bbox 285 2397 1444 2481; baseline 0 -13"><span class='ocrx_word' id='word_1_161' title='bbox 285 2422 378 2468; x_wconf 88' lang='lat' dir='ltr'>crura</span> <span class='ocrx_word' id='word_1_162' title='bbox 400 2408 432 2468; x_wconf 90' lang='lat' dir='ltr'>et</span> <span class='ocrx_word' id='word_1_163' title='bbox 453 2398 603 2480; x_wconf 89' lang='lat' dir='ltr'>brachia,</span> <span class='ocrx_word' id='word_1_164' title='bbox 627 2397 708 2465; x_wconf 90' lang='lat' dir='ltr'>haec</span> <span class='ocrx_word' id='word_1_165' title='bbox 731 2398 862 2480; x_wconf 89' lang='lat' dir='ltr'>quidem</span> <span class='ocrx_word' id='word_1_166' title='bbox 884 2418 942 2481; x_wconf 90' lang='lat' dir='ltr'>per</span> <span class='ocrx_word' id='word_1_167' title='bbox 964 2416 1089 2480; x_wconf 89' lang='lat' dir='ltr'>aerem,</span> <span class='ocrx_word' id='word_1_168' title='bbox 1112 2397 1307 2466; x_wconf 85' lang='lat' dir='ltr'>decussatim</span> <span class='ocrx_word' id='word_1_169' title='bbox 1329 2422 1444 2468; x_wconf 89' lang='lat' dir='ltr'>move-</span> 
     </span>
     <span class='ocr_line' id='line_1_22' title="bbox 284 2498 1444 2584; baseline 0 -16"><span class='ocrx_word' id='word_1_170' title='bbox 284 2523 369 2568; x_wconf 89' lang='lat' dir='ltr'>mus:</span> <span class='ocrx_word' id='word_1_171' title='bbox 392 2522 456 2566; x_wconf 90' lang='lat' dir='ltr'>una</span> <span class='ocrx_word' id='word_1_172' title='bbox 470 2520 542 2566; x_wconf 91' lang='lat' dir='ltr'>cum</span> <span class='ocrx_word' id='word_1_173' title='bbox 557 2498 672 2565; x_wconf 87' lang='lat' dir='ltr'>dextro</span> <span class='ocrx_word' id='word_1_174' title='bbox 686 2498 771 2582; x_wconf 91' lang='lat' dir='ltr'>pede</span> <span class='ocrx_word' id='word_1_175' title='bbox 786 2501 948 2566; x_wconf 88' lang='lat' dir='ltr'>sinistrum</span> <span class='ocrx_word' id='word_1_176' title='bbox 969 2498 1136 2565; x_wconf 88' lang='lat' dir='ltr'>brachium</span> <span class='ocrx_word' id='word_1_177' title='bbox 1158 2502 1342 2584; x_wconf 91' lang='lat' dir='ltr'>proicimus,</span> <span class='ocrx_word' id='word_1_178' title='bbox 1367 2524 1444 2570; x_wconf 91' lang='lat' dir='ltr'>cum</span> 
     </span>
     <span class='ocr_line' id='line_1_23' title="bbox 284 2599 1443 2686; baseline -0.001 -15"><span class='ocrx_word' id='word_1_179' title='bbox 284 2607 380 2671; x_wconf 90' lang='lat' dir='ltr'>laevo</span> <span class='ocrx_word' id='word_1_180' title='bbox 408 2603 564 2669; x_wconf 88' lang='lat' dir='ltr'>dextrum.</span> <span class='ocrx_word' id='word_1_181' title='bbox 609 2600 660 2665; x_wconf 91' lang='lat' dir='ltr'>Ab</span> <span class='ocrx_word' id='word_1_182' title='bbox 682 2599 745 2667; x_wconf 95' lang='lat' dir='ltr'>hoc</span> <span class='ocrx_word' id='word_1_183' title='bbox 773 2601 885 2668; x_wconf 92' lang='lat' dir='ltr'>ordine</span> <span class='ocrx_word' id='word_1_184' title='bbox 913 2601 941 2667; x_wconf 93' lang='lat' dir='ltr'>si</span> <span class='ocrx_word' id='word_1_185' title='bbox 970 2602 1017 2666; x_wconf 89' lang='lat' dir='ltr'>ita</span> <span class='ocrx_word' id='word_1_186' title='bbox 1039 2601 1205 2686; x_wconf 88' lang='lat' dir='ltr'>discedas,</span> <span class='ocrx_word' id='word_1_187' title='bbox 1235 2611 1269 2668; x_wconf 95' lang='lat' dir='ltr'>ut</span> <span class='ocrx_word' id='word_1_188' title='bbox 1292 2605 1443 2670; x_wconf 89' lang='lat' dir='ltr'>eiusdem</span> 
     </span>
     <span class='ocr_line' id='line_1_24' title="bbox 284 2703 1445 2788; baseline 0 -16"><span class='ocrx_word' id='word_1_189' title='bbox 284 2706 396 2772; x_wconf 88' lang='lat' dir='ltr'>lateris</span> <span class='ocrx_word' id='word_1_190' title='bbox 423 2710 591 2786; x_wconf 90' lang='lat' dir='ltr'>utrumque</span> <span class='ocrx_word' id='word_1_191' title='bbox 618 2703 797 2768; x_wconf 88' lang='lat' dir='ltr'>membrum</span> <span class='ocrx_word' id='word_1_192' title='bbox 824 2704 920 2770; x_wconf 91' lang='lat' dir='ltr'>simul</span> <span class='ocrx_word' id='word_1_193' title='bbox 947 2704 1101 2788; x_wconf 87' lang='lat' dir='ltr'>proicias,</span> <span class='ocrx_word' id='word_1_194' title='bbox 1131 2706 1207 2772; x_wconf 88' lang='lat' dir='ltr'>talis</span> <span class='ocrx_word' id='word_1_195' title='bbox 1234 2706 1380 2774; x_wconf 89' lang='lat' dir='ltr'>incessus</span> <span class='ocrx_word' id='word_1_196' title='bbox 1409 2707 1445 2773; x_wconf 91' lang='lat' dir='ltr'>ei</span> 
     </span>
    </p>
   </div>
   <div class='ocr_carea' id='block_1_3' title="bbox 285 2796 1444 3502">
    <p class='ocr_par' dir='ltr' id='par_1_4' title="bbox 285 2796 1444 3502">
     <span class='ocr_line' id='line_1_25' title="bbox 286 2796 1444 2888; baseline 0 -14"><span class='ocrx_word' id='word_1_197' title='bbox 286 2808 400 2874; x_wconf 90' lang='lat' dir='ltr'>similis</span> <span class='ocrx_word' id='word_1_198' title='bbox 415 2807 466 2888; x_wconf 88' lang='lat' dir='ltr'>sit,</span> <span class='ocrx_word' id='word_1_199' title='bbox 483 2825 578 2888; x_wconf 93' lang='lat' dir='ltr'>quem</span> <span class='ocrx_word' id='word_1_200' title='bbox 592 2807 627 2871; x_wconf 93' lang='lat' dir='ltr'>in</span> <span class='ocrx_word' id='word_1_201' title='bbox 642 2805 905 2888; x_wconf 92' lang='lat' dir='ltr'>quadrupedibus</span> <span class='ocrx_word' id='word_1_202' title='bbox 917 2796 1025 2872; x_wconf 84' lang='lat' dir='ltr'>‘Pass’</span> <span class='ocrx_word' id='word_1_203' title='bbox 1044 2825 1206 2884; x_wconf 86' lang='lat' dir='ltr'>vocamus.</span> <span class='ocrx_word' id='word_1_204' title='bbox 1243 2806 1313 2874; x_wconf 90' lang='lat' dir='ltr'>Hoc</span> <span class='ocrx_word' id='word_1_205' title='bbox 1329 2816 1444 2874; x_wconf 89' lang='lat' dir='ltr'>autem</span> 
     </span>
     <span class='ocr_line' id='line_1_26' title="bbox 285 2907 1443 2994; baseline -0.001 -18"><span class='ocrx_word' id='word_1_206' title='bbox 285 2919 321 2976; x_wconf 91' lang='lat' dir='ltr'>ut</span> <span class='ocrx_word' id='word_1_207' title='bbox 342 2909 568 2994; x_wconf 88' lang='lat' dir='ltr'>quadrupedes</span> <span class='ocrx_word' id='word_1_208' title='bbox 591 2908 735 2991; x_wconf 86' lang='lat' dir='ltr'>exceptis</span> <span class='ocrx_word' id='word_1_209' title='bbox 758 2908 890 2973; x_wconf 88' lang='lat' dir='ltr'>camelis</span> <span class='ocrx_word' id='word_1_210' title='bbox 910 2927 1114 2991; x_wconf 90' lang='lat' dir='ltr'>nequaquam</span> <span class='ocrx_word' id='word_1_211' title='bbox 1137 2908 1260 2992; x_wconf 89' lang='lat' dir='ltr'>indole,</span> <span class='ocrx_word' id='word_1_212' title='bbox 1283 2907 1342 2976; x_wconf 93' lang='lat' dir='ltr'>sed</span> <span class='ocrx_word' id='word_1_213' title='bbox 1364 2929 1443 2975; x_wconf 92' lang='lat' dir='ltr'>con·</span> 
     </span>
     <span class='ocr_line' id='line_1_27' title="bbox 286 3010 1444 3094; baseline 0.001 -18"><span class='ocrx_word' id='word_1_214' title='bbox 286 3011 443 3079; x_wconf 85' lang='lat' dir='ltr'>docefacti</span> <span class='ocrx_word' id='word_1_215' title='bbox 464 3010 560 3076; x_wconf 95' lang='lat' dir='ltr'>modo</span> <span class='ocrx_word' id='word_1_216' title='bbox 581 3010 819 3094; x_wconf 89' lang='lat' dir='ltr'>ingrediuntur,</span> <span class='ocrx_word' id='word_1_217' title='bbox 847 3010 894 3074; x_wconf 90' lang='lat' dir='ltr'>ita</span> <span class='ocrx_word' id='word_1_218' title='bbox 914 3029 973 3075; x_wconf 93' lang='lat' dir='ltr'>nos</span> <span class='ocrx_word' id='word_1_219' title='bbox 995 3029 1122 3093; x_wconf 91' lang='lat' dir='ltr'>quoque</span> <span class='ocrx_word' id='word_1_220' title='bbox 1143 3030 1207 3076; x_wconf 91' lang='lat' dir='ltr'>non</span> <span class='ocrx_word' id='word_1_221' title='bbox 1229 3011 1298 3076; x_wconf 91' lang='lat' dir='ltr'>sine</span> <span class='ocrx_word' id='word_1_222' title='bbox 1320 3030 1444 3094; x_wconf 89' lang='lat' dir='ltr'>magna</span> 
     </span>
     <span class='ocr_line' id='line_1_28' title="bbox 286 3110 1442 3196; baseline 0 -17"><span class='ocrx_word' id='word_1_223' title='bbox 286 3115 383 3180; x_wconf 89' lang='lat' dir='ltr'>totius</span> <span class='ocrx_word' id='word_1_224' title='bbox 405 3114 546 3196; x_wconf 90' lang='lat' dir='ltr'>corporis</span> <span class='ocrx_word' id='word_1_225' title='bbox 568 3112 740 3178; x_wconf 90' lang='lat' dir='ltr'>iactatione</span> <span class='ocrx_word' id='word_1_226' title='bbox 762 3131 801 3177; x_wconf 88' lang='lat' dir='ltr'>ac</span> <span class='ocrx_word' id='word_1_227' title='bbox 824 3111 1023 3178; x_wconf 88' lang='lat' dir='ltr'>contortiono</span> <span class='ocrx_word' id='word_1_228' title='bbox 1044 3112 1190 3177; x_wconf 88' lang='lat' dir='ltr'>membra</span> <span class='ocrx_word' id='word_1_229' title='bbox 1211 3110 1295 3178; x_wconf 93' lang='lat' dir='ltr'>hunc</span> <span class='ocrx_word' id='word_1_230' title='bbox 1317 3114 1350 3178; x_wconf 93' lang='lat' dir='ltr'>in</span> <span class='ocrx_word' id='word_1_231' title='bbox 1370 3134 1442 3179; x_wconf 93' lang='lat' dir='ltr'>mo·</span> 
     </span>
     <span class='ocr_line' id='line_1_29' title="bbox 286 3213 1443 3297; baseline -0.001 -16"><span class='ocrx_word' id='word_1_232' title='bbox 286 3217 362 3281; x_wconf 96' lang='lat' dir='ltr'>dum</span> <span class='ocrx_word' id='word_1_233' title='bbox 384 3233 558 3280; x_wconf 80' lang='lat' dir='ltr'>movemus.</span> <span class='ocrx_word' id='word_1_234' title='bbox 595 3214 665 3280; x_wconf 88' lang='lat' dir='ltr'>Nec</span> <span class='ocrx_word' id='word_1_235' title='bbox 678 3219 755 3297; x_wconf 91' lang='lat' dir='ltr'>puto</span> <span class='ocrx_word' id='word_1_236' title='bbox 771 3230 974 3295; x_wconf 87' lang='lat' dir='ltr'>quemquam,</span> <span class='ocrx_word' id='word_1_237' title='bbox 996 3213 1086 3278; x_wconf 88' lang='lat' dir='ltr'>cuius</span> <span class='ocrx_word' id='word_1_238' title='bbox 1102 3215 1269 3280; x_wconf 92' lang='lat' dir='ltr'>commode</span> <span class='ocrx_word' id='word_1_239' title='bbox 1284 3215 1443 3281; x_wconf 88' lang='lat' dir='ltr'>velociter</span> 
     </span>
     <span class='ocr_line' id='line_1_30' title="bbox 287 3312 1441 3396; baseline -0.001 -13"><span class='ocrx_word' id='word_1_240' title='bbox 287 3335 413 3383; x_wconf 89' lang='lat' dir='ltr'>currere</span> <span class='ocrx_word' id='word_1_241' title='bbox 436 3316 577 3396; x_wconf 90' lang='lat' dir='ltr'>interest,</span> <span class='ocrx_word' id='word_1_242' title='bbox 600 3316 745 3380; x_wconf 91' lang='lat' dir='ltr'>membra</span> <span class='ocrx_word' id='word_1_243' title='bbox 766 3315 812 3378; x_wconf 90' lang='lat' dir='ltr'>ita</span> <span class='ocrx_word' id='word_1_244' title='bbox 834 3313 949 3395; x_wconf 90' lang='lat' dir='ltr'>eicere,</span> <span class='ocrx_word' id='word_1_245' title='bbox 971 3313 1033 3378; x_wconf 93' lang='lat' dir='ltr'>nisi</span> <span class='ocrx_word' id='word_1_246' title='bbox 1053 3312 1134 3379; x_wconf 86' lang='lat' dir='ltr'>forte</span> <span class='ocrx_word' id='word_1_247' title='bbox 1149 3314 1277 3381; x_wconf 87' lang='lat' dir='ltr'>insanit.</span> <span class='ocrx_word' id='word_1_248' title='bbox 1315 3315 1441 3394; x_wconf 82' lang='lat' dir='ltr'>Quodsi</span> 
     </span>
     <span class='ocr_line' id='line_1_31' title="bbox 287 3413 1440 3502; baseline -0.002 -18"><span class='ocrx_word' id='word_1_249' title='bbox 287 3416 498 3484; x_wconf 87' lang='lat' dir='ltr'>stadiodromi</span> <span class='ocrx_word' id='word_1_250' title='bbox 520 3435 639 3499; x_wconf 87' lang='lat' dir='ltr'>magna</span> <span class='ocrx_word' id='word_1_251' title='bbox 660 3435 702 3482; x_wconf 86' lang='lat' dir='ltr'>ex</span> <span class='ocrx_word' id='word_1_252' title='bbox 728 3420 820 3499; x_wconf 89' lang='lat' dir='ltr'>parte</span> <span class='ocrx_word' id='word_1_253' title='bbox 842 3413 997 3480; x_wconf 90' lang='lat' dir='ltr'>eomodo</span> <span class='ocrx_word' id='word_1_254' title='bbox 1026 3420 1188 3482; x_wconf 87' lang='lat' dir='ltr'>currentes</span> <span class='ocrx_word' id='word_1_255' title='bbox 1215 3417 1295 3500; x_wconf 91' lang='lat' dir='ltr'>picti</span> <span class='ocrx_word' id='word_1_256' title='bbox 1322 3419 1440 3502; x_wconf 77' lang='lat' dir='ltr'>suut2),</span> 
     </span>
    </p>
   </div>
   <div class='ocr_carea' id='block_1_4' title="bbox 287 3611 1438 4096">
    <p class='ocr_par' dir='ltr' id='par_1_5' title="bbox 287 3611 1438 4096">
     <span class='ocr_line' id='line_1_32' title="bbox 375 3611 1437 3683; baseline 0.002 -14"><span class='ocrx_word' id='word_1_257' title='bbox 375 3618 399 3681; x_wconf 89' lang='lat'>1)</span> <span class='ocrx_word' id='word_1_258' title='bbox 418 3614 499 3669; x_wconf 83' lang='lat' dir='ltr'>Gerb.</span> <span class='ocrx_word' id='word_1_259' title='bbox 520 3613 688 3679; x_wconf 77' lang='lat' dir='ltr'>CCXLVIII,</span> <span class='ocrx_word' id='word_1_260' title='bbox 707 3617 722 3668; x_wconf 88' lang='lat'><strong>3</strong></span> <span class='ocrx_word' id='word_1_261' title='bbox 740 3629 832 3683; x_wconf 90' lang='lat' dir='ltr'>eques.</span> <span class='ocrx_word' id='word_1_262' title='bbox 851 3613 921 3667; x_wconf 85' lang='lat' dir='ltr'>CVI.</span> <span class='ocrx_word' id='word_1_263' title='bbox 947 3611 1047 3681; x_wconf 86' lang='lat' dir='ltr'>Ingbir.</span> <span class='ocrx_word' id='word_1_264' title='bbox 1067 3612 1183 3668; x_wconf 82' lang='lat' dir='ltr'>ccxlv.</span> <span class='ocrx_word' id='word_1_265' title='bbox 1210 3614 1278 3672; x_wconf 84' lang='lat' dir='ltr'>Len.</span> <span class='ocrx_word' id='word_1_266' title='bbox 1297 3616 1375 3671; x_wconf 86' lang='lat' dir='ltr'>etde</span> <span class='ocrx_word' id='word_1_267' title='bbox 1393 3615 1437 3671; x_wconf 91' lang='lat' dir='ltr'>W.</span> 
     </span>
     <span class='ocr_line' id='line_1_33' title="bbox 287 3697 1438 3768; baseline 0.001 -14"><span class='ocrx_word' id='word_1_268' title='bbox 287 3700 339 3756; x_wconf 82' lang='lat' dir='ltr'>rol.</span> <span class='ocrx_word' id='word_1_269' title='bbox 357 3700 393 3755; x_wconf 90' lang='lat' dir='ltr'>ll.</span> <span class='ocrx_word' id='word_1_270' title='bbox 412 3699 468 3753; x_wconf 88' lang='lat' dir='ltr'>tab.</span> <span class='ocrx_word' id='word_1_271' title='bbox 482 3698 568 3752; x_wconf 85' lang='lat' dir='ltr'>CXIV</span> <span class='ocrx_word' id='word_1_272' title='bbox 587 3714 671 3768; x_wconf 90' lang='lat' dir='ltr'>equos</span> <span class='ocrx_word' id='word_1_273' title='bbox 689 3698 834 3767; x_wconf 81' lang='lat' dir='ltr'>quadrigae</span> <span class='ocrx_word' id='word_1_274' title='bbox 851 3697 918 3752; x_wconf 86' lang='lat' dir='ltr'>fecit</span> <span class='ocrx_word' id='word_1_275' title='bbox 934 3699 1024 3766; x_wconf 87' lang='lat' dir='ltr'>pictor</span> <span class='ocrx_word' id='word_1_276' title='bbox 1035 3697 1204 3764; x_wconf 87' lang='lat' dir='ltr'>dissilientes,</span> <span class='ocrx_word' id='word_1_277' title='bbox 1223 3699 1296 3768; x_wconf 91' lang='lat' dir='ltr'>quod</span> <span class='ocrx_word' id='word_1_278' title='bbox 1314 3716 1331 3754; x_wconf 88' lang='lat' dir='ltr'>a</span> <span class='ocrx_word' id='word_1_279' title='bbox 1348 3701 1438 3755; x_wconf 85' lang='lat' dir='ltr'>fronte</span> 
     </span>
     <span class='ocr_line' id='line_1_34' title="bbox 289 3781 1435 3882; baseline 0 -44"><span class='ocrx_word' id='word_1_280' title='bbox 289 3799 335 3838; x_wconf 90' lang='lat' dir='ltr'>eos</span> <span class='ocrx_word' id='word_1_281' title='bbox 347 3785 458 3882; x_wconf 72' lang='lat' dir='ltr'>pingere</span> <span class='ocrx_word' id='word_1_282' title='bbox 469 3783 703 3852; x_wconf 83' lang='lat' dir='ltr'>perhorrescebat.</span> <span class='ocrx_word' id='word_1_283' title='bbox 717 3783 798 3838; x_wconf 83' lang='lat' dir='ltr'>CXV.</span> <span class='ocrx_word' id='word_1_284' title='bbox 813 3781 920 3837; x_wconf 84' lang='lat' dir='ltr'>CXVII.</span> <span class='ocrx_word' id='word_1_285' title='bbox 939 3782 1011 3836; x_wconf 84' lang='lat' dir='ltr'>llus.</span> <span class='ocrx_word' id='word_1_286' title='bbox 1026 3782 1105 3850; x_wconf 74' lang='lat' dir='ltr'>areg.</span> <span class='ocrx_word' id='word_1_287' title='bbox 1119 3784 1169 3840; x_wconf 84' lang='lat' dir='ltr'>rol.</span> <span class='ocrx_word' id='word_1_288' title='bbox 1182 3783 1218 3837; x_wconf 91' lang='lat'>11.</span> <span class='ocrx_word' id='word_1_289' title='bbox 1231 3784 1287 3839; x_wconf 88' lang='lat' dir='ltr'>tab.</span> <span class='ocrx_word' id='word_1_290' title='bbox 1301 3784 1374 3852; x_wconf 84' lang='lat' dir='ltr'>XVI,</span> <span class='ocrx_word' id='word_1_291' title='bbox 1388 3785 1435 3838; x_wconf 76' lang='lat' dir='ltr'>ab.</span> 
     </span>
     <span class='ocr_line' id='line_1_35' title="bbox 288 3867 1435 4020; baseline 0.003 -15"><span class='ocrx_word' id='word_1_292' title='bbox 288 3868 347 3923; x_wconf 35' lang='grc' dir='ltr'>ΧΗ</span> <span class='ocrx_word' id='word_1_293' title='bbox 366 3867 652 4020; x_wconf 40' lang='lat' dir='ltr'>biblicam.</span> <span class='ocrx_word' id='word_1_294' title='bbox 671 3947 818 4007; x_wconf 82' lang='lat' dir='ltr'>ccxxxi.</span> <span class='ocrx_word' id='word_1_295' title='bbox 837 3950 954 4005; x_wconf 81' lang='lat' dir='ltr'>ccum.</span> <span class='ocrx_word' id='word_1_296' title='bbox 972 3949 1101 4019; x_wconf 77' lang='lat' dir='ltr'>cotun,</span> <span class='ocrx_word' id='word_1_297' title='bbox 1121 3958 1146 4008; x_wconf 79' lang='lat' dir='ltr'>r.</span> <span class='ocrx_word' id='word_1_298' title='bbox 1165 3951 1282 4009; x_wconf 80' lang='lat' dir='ltr'>ccum.</span> <span class='ocrx_word' id='word_1_299' title='bbox 1317 3953 1391 4010; x_wconf 79' lang='lat' dir='ltr'>uon.</span> <span class='ocrx_word' id='word_1_300' title='bbox 1409 3954 1435 4008; x_wconf 82' lang='lat' dir='ltr'>u.</span> 
     </span>
     <span class='ocr_line' id='line_1_36' title="bbox 288 4035 1433 4096; baseline 0.003 -4"><span class='ocrx_word' id='word_1_301' title='bbox 288 4037 356 4093; x_wconf 87' lang='lat' dir='ltr'>Inst.</span> <span class='ocrx_word' id='word_1_302' title='bbox 374 4038 426 4091; x_wconf 82' lang='lat' dir='ltr'>vol.</span> <span class='ocrx_word' id='word_1_303' title='bbox 445 4036 467 4092; x_wconf 93' lang='lat'>1.</span> <span class='ocrx_word' id='word_1_304' title='bbox 485 4037 542 4092; x_wconf 84' lang='lat' dir='ltr'>tab.</span> <span class='ocrx_word' id='word_1_305' title='bbox 559 4035 648 4090; x_wconf 87' lang='lat' dir='ltr'>XXII.</span> <span class='ocrx_word' id='word_1_306' title='bbox 677 4039 729 4092; x_wconf 87' lang='lat' dir='ltr'>vol.</span> <span class='ocrx_word' id='word_1_307' title='bbox 747 4037 797 4090; x_wconf 89' lang='lat' dir='ltr'>lll.</span> <span class='ocrx_word' id='word_1_308' title='bbox 815 4035 872 4091; x_wconf 86' lang='lat' dir='ltr'>tab.</span> <span class='ocrx_word' id='word_1_309' title='bbox 890 4035 962 4091; x_wconf 84' lang='lat' dir='ltr'>Vlb.</span> <span class='ocrx_word' id='word_1_310' title='bbox 993 4035 1044 4091; x_wconf 86' lang='lat' dir='ltr'>rol.</span> <span class='ocrx_word' id='word_1_311' title='bbox 1063 4035 1097 4091; x_wconf 91' lang='lat' dir='ltr'>X.</span> <span class='ocrx_word' id='word_1_312' title='bbox 1116 4037 1172 4092; x_wconf 86' lang='lat' dir='ltr'>tab.</span> <span class='ocrx_word' id='word_1_313' title='bbox 1191 4036 1307 4092; x_wconf 81' lang='lat' dir='ltr'>XLVlll</span> <span class='ocrx_word' id='word_1_314' title='bbox 1324 4038 1344 4092; x_wconf 85' lang='lat' dir='ltr'>f.</span> <span class='ocrx_word' id='word_1_315' title='bbox 1362 4055 1386 4093; x_wconf 85' lang='lat' dir='ltr'>u.</span> <span class='ocrx_word' id='word_1_316' title='bbox 1399 4055 1433 4096; x_wconf 88' lang='lat' dir='ltr'>m.</span> 
     </span>
    </p>
   </div>
   <div class='ocr_carea' id='block_1_5' title="bbox 0 0 1552 4766">
    <p class='ocr_par' dir='ltr' id='par_1_6' title="bbox 0 0 1552 4766">
     <span class='ocr_line' id='line_1_37' title="bbox 0 0 1552 4766; baseline 0 0"><span class='ocrx_word' id='word_1_317' title='bbox 0 0 1552 4766; x_wconf 95' lang='lat' dir='ltr'> </span> 
     </span>
    </p>
   </div>
  </div>
 </body>
</html>
