3088 4774
537 307 571 358 A.
598 304 649 359 DE
666 305 902 363 GARCERIBUS.
1254 309 1294 368 79

144 475 225 540 fallu
247 480 377 542 tourner
397 495 459 540 une
486 477 642 559 premiere
672 479 770 544 borne
798 485 896 545 avant
919 480 958 546 de
980 499 1016 546 se
1038 485 1167 547 trouver
1187 501 1241 548 sur
1262 483 1295 548 la

144 581 249 645 meme
271 577 358 662 ligne
380 598 442 660 que
464 579 550 644 leurs
573 600 772 660 concurrens,
796 601 832 647 ce
847 582 902 663 qui
918 584 972 647 ent
986 601 1101 649 encore
1123 589 1295 664 augmenta

143 683 214 747 leur
237 680 487 764 desavantage.“
533 680 629 747 Hirtii
650 689 800 766 punctum
824 685 982 767 normale,
1012 685 1097 766 quod
1119 704 1220 769 prope
1248 686 1294 750 in·

143 783 293 848 teriorem
322 791 441 848 metam
468 784 592 867 posuit,
623 785 665 849 ab
689 784 872 852 Hermanno
899 785 945 869 (p.
969 785 1001 869 8)
1031 795 1063 852 et
1091 785 1294 853 Lebndorffio

143 885 190 968 (p.
207 885 263 966 25)
294 884 418 950 affatim
448 894 497 952 est
525 887 730 952 confutatum.
775 887 897 965 Quibus
920 889 1025 953 causis
1053 889 1202 970 quoniam
1223 910 1293 974 per-

143 1007 254 1072 peram
276 986 350 1052 illos
372 993 473 1052 totam
495 990 651 1071 porticum
674 989 785 1073 oppidi
803 991 863 1056 alis
879 992 1062 1075 complexos
1078 1011 1149 1058 esse
1164 993 1294 1058 demon-

145 1098 272 1172 stratur,
294 1109 335 1154 ne
356 1088 532 1170 obliquatio
555 1090 685 1174 quidem
701 1093 883 1159 necessaria
898 1099 959 1160 est:
983 1094 1102 1160 sivero
1118 1094 1295 1175 obliquatio

144 1193 281 1274 tollitur,
311 1212 374 1257 non
397 1201 445 1258 est
468 1193 554 1277 quod
577 1195 722 1260 dextrum
751 1189 835 1260 latus
863 1195 991 1261 sinistro
1014 1196 1139 1278 longius
1162 1195 1213 1261 sit.
1252 1198 1296 1260 At

145 1295 361 1360 Romanorum
384 1295 536 1362 circorum
565 1297 772 1363 similitudine
800 1297 862 1363 nisi
890 1298 951 1364 boc
973 1299 1132 1380 fecerunt,
1161 1316 1295 1379 quorum

143 1397 269 1476 integra
291 1396 426 1462 latitudo
448 1398 629 1464 carceribus
651 1406 808 1482 occupata
831 1408 907 1465 erat.
946 1397 1054 1466 Certe:
1077 1399 1135 1465 sed
1150 1399 1184 1464 id
1200 1418 1296 1480 quem

144 1497 188 1563 ad
209 1498 305 1565 finem
322 1499 369 1565 ibi
384 1501 586 1583 spectaverit,
609 1499 778 1584 postmodo
794 1501 984 1567 videbimus.
1022 1501 1175 1579 quivero
1190 1501 1296 1567 dextri

143 1602 254 1667 lateris
277 1602 430 1667 maiorem
453 1602 683 1684 longitudinem
706 1604 752 1668 ita
771 1603 923 1686 consequi
936 1601 1074 1685 student,
1097 1613 1131 1669 ιιι
1146 1623 1209 1669 non
1223 1623 1295 1688 por-

143 1703 239 1770 ticum
262 1703 438 1785 obliquent,
461 1704 519 1771 sed
542 1705 691 1780 collinum
714 1706 799 1771 latus
821 1705 851 1772 b.
868 1726 896 1770 e.
919 1705 1081 1771 sinistrum
1105 1725 1146 1772 ex
1167 1706 1296 1772 illorum

144 1806 303 1871 sententia
324 1806 638 1888 contrabantneque
660 1807 703 1872 ad
725 1808 882 1890 porticum
900 1805 1085 1891 perducant,
1108 1827 1148 1872 ne
1165 1808 1211 1872 eis
1227 1809 1294 1888 qni-

128 1906 217 1974 dem
239 1907 336 1974 fidem
358 1908 477 1974 babere
498 1928 642 1993 possum,
665 1910 740 1990 qnia
762 1909 876 1974 mirum
898 1908 1019 1991 suisset,
1041 1909 1070 1973 si
1091 1908 1138 1973 ibi
1160 1899 1295 1975 vacuum

144 2011 284 2092 spatium
311 2011 446 2093 biasset,
476 2011 532 2076 ubi
561 2011 797 2077 deportantibus
825 2011 889 2076 iam
917 2011 1072 2094 agonistis
1099 2017 1295 2094 spectatores

144 2112 241 2178 valde
264 2111 417 2178 delectari
439 2120 595 2196 poterant.

229 2215 482 2280 Hermannus
505 2216 634 2297 quidem
657 2215 859 2282 Visoontii
882 2215 1127 2299 descriptionem
1149 2234 1208 2296 per
1229 2224 1293 2279 om·

142 2317 198 2381 nia
218 2321 358 2382 sectatus
380 2319 575 2399 argumentis
598 2326 629 2384 et
651 2317 920 2402 explicationibus
938 2317 1065 2383 firmare
1081 2317 1210 2398 studuit,
1233 2317 1296 2381 nisi

146 2419 232 2501 quod
254 2438 370 2484 novam
393 2421 584 2486 sententiam
607 2421 705 2487 dubio
728 2421 869 2486 maxime
891 2419 1064 2486 obnoxiam
1087 2419 1221 2485 addidit.
1259 2419 1296 2485 Si
1319 2499 1322 2506 .

142 2521 241 2604 igitur
262 2522 343 2586 illud
365 2522 396 2586 ei
417 2522 657 2589 fundamentum
680 2524 891 2606 subtraxeris,
913 2522 1015 2606 ipsius
1037 2542 1164 2604 qnoque
1187 2522 1295 2606 opinio

143 2625 286 2689 maxima
307 2643 348 2688 ex
370 2632 461 2708 parte
483 2633 607 2691 corruet
628 2647 687 2691 nec
710 2626 879 2709 quicquam
902 2625 992 2690 alind
1014 2625 1158 2707 restabit,
1181 2625 1243 2690 nisi
1261 2634 1296 2690 ut

144 2746 261 2793 novam
284 2726 352 2791 eius
367 2729 556 2793 sententiam
572 2727 749 2810 impugnes.
787 2727 969 2793 Visoontius
983 2727 1171 2807 Perlegetae
1185 2728 1295 2810 verba,

143 2849 226 2913 quae
243 2827 283 2894 de
298 2827 508 2913 amplitudine
523 2829 654 2894 alterins
674 2828 784 2894 lateris
799 2829 885 2911 facit,
908 2829 1002 2892 nimis
1017 2848 1134 2910 urgens
1149 2828 1295 2895 dextram

143 2953 274 2998 arenam
297 2931 396 2995 multo
418 2929 544 3010 longius
565 2930 608 2995 ab
631 2929 781 2994 interiore
802 2938 888 2996 meta
903 2928 1031 2995 reduxit
1046 2947 1142 3011 quarn
1158 2931 1294 2996 laevam.

144 3034 214 3100 Hoc
236 3052 333 3115 qnam
354 3033 498 3116 ineptum
526 3031 583 3111 sit,
613 3036 645 3096 et
673 3051 713 3096 ex
742 3031 789 3097 eis
818 3032 938 3113 elucet,
967 3049 1051 3113 quae
1072 3051 1103 3114 p.
1131 3034 1169 3093 57
1195 3031 1293 3096 disse-

144 3136 280 3218 ruimus,
310 3141 341 3199 et
364 3153 405 3198 ex
428 3133 488 3217 eis,
512 3152 595 3214 quae
618 3131 840 3198 Lebndorlfins
863 3154 893 3216 p.
917 3136 958 3194 25
980 3132 1156 3197 rectissime
1185 3139 1296 3197 contra

144 3236 264 3315 dixit.¹)
309 3238 421 3317 Itaque
443 3236 471 3301 si
500 3237 635 3300 alteram
665 3255 794 3300 arenam
824 3233 999 3317 producere
1022 3233 1139 3316 voluit,
1167 3234 1295 3300 laevam

145 3340 250 3422 potius
278 3338 453 3423 producere
484 3337 601 3402 debuit
647 3336 712 3402 Sed
741 3337 793 3402 fac
821 3353 888 3400 rem
916 3335 964 3400 ita
990 3343 1075 3401 recte
1103 3355 1139 3400 se
1165 3334 1293 3415 babere,

143 3441 277 3506 alterum
299 3458 426 3521 quoque
449 3437 597 3505 mendum
612 3438 697 3504 inest
710 3457 774 3503 non
788 3437 892 3502 minus
912 3457 1021 3520 grave,
1045 3437 1131 3519 quod
1152 3435 1292 3502 nondum

144 3542 356 3626 vituperatum
378 3550 436 3607 est.
480 3543 649 3606 Remotam
670 3540 761 3605 illam
783 3559 914 3604 arenam
941 3539 1043 3605 solam
1065 3546 1149 3604 retro
1172 3537 1294 3622 porticu

231 3730 254 3790 1)
269 3721 321 3779 ‘Er
338 3727 456 3781 bedenkt
467 3727 551 3790 nicht,
569 3724 632 3778 dass
650 3724 721 3777 nach
733 3723 820 3776 seiner
832 3723 1033 3787 Construction,
1053 3738 1082 3776 er
1099 3737 1159 3790 mag
1177 3721 1225 3775 das
1237 3721 1294 3776 Ziel

145 3809 213 3864 nach
232 3809 291 3864 dem
309 3810 439 3865 vorderen
458 3812 524 3866 oder
540 3809 664 3864 hintoren
682 3803 760 3861 Ende
777 3807 825 3860 der
837 3807 1062 3876 Theilungswand
1080 3805 1103 3858 F
1121 3808 1217 3875 (spina)
1235 3823 1295 3862 ver-

144 3895 229 3961 legen,
242 3896 290 3949 der
299 3895 507 3964 Scblusskampl
515 3898 582 3948 stets
593 3892 765 3947 unmittelbar
777 3907 825 3945 vor
837 3891 911 3954 (oder
919 3891 1063 3958 cigentlicb
1072 3890 1294 3959 nothgedrungen

145 3979 229 4032 sebon
246 3979 284 4044 iu)
303 3979 376 4033 einer
393 3980 519 4034 schart'en
531 3978 773 4048 Doppelwendung
784 3977 942 4030 stattlinden
957 3980 1067 4040 mttsste,
1085 3991 1141 4030 was
1152 3976 1294 4030 techniscb

144 4060 321 4117 undenlrbar?
