<?xml version="1.0" encoding="UTF-8"?>
<!DOCTYPE html PUBLIC "-//W3C//DTD XHTML 1.0 Transitional//EN"
    "http://www.w3.org/TR/xhtml1/DTD/xhtml1-transitional.dtd">
<html xmlns="http://www.w3.org/1999/xhtml" xml:lang="en" lang="en">
 <head>
  <title>
</title>
<meta http-equiv="Content-Type" content="text/html;charset=utf-8" />
  <meta name='ocr-system' content='tesseract 3.04.00' />
  <meta name='ocr-capabilities' content='ocr_page ocr_carea ocr_par ocr_line ocrx_word'/>
</head>
<body>
  <div class='ocr_page' id='page_1' title='image "./hippodromica01pollgoog_0090.png"; bbox 0 0 3088 4774; ppageno 0'>
   <div class='ocr_carea' id='block_1_1' title="bbox 265 293 1022 354">
    <p class='ocr_par' dir='ltr' id='par_1_1' title="bbox 265 293 1022 354">
     <span class='ocr_line' id='line_1_1' title="bbox 265 293 1022 354; baseline 0.012 -12"><span class='ocrx_word' id='word_1_1' title='bbox 265 295 305 354; x_wconf 80' lang='lat'>80</span> <span class='ocrx_word' id='word_1_2' title='bbox 655 295 690 350; x_wconf 78' lang='lat' dir='ltr'>A.</span> <span class='ocrx_word' id='word_1_3' title='bbox 717 294 768 350; x_wconf 83' lang='lat' dir='ltr'>DE</span> <span class='ocrx_word' id='word_1_4' title='bbox 787 293 1022 351; x_wconf 72' lang='lat' dir='ltr'>assumamus</span> 
     </span>
    </p>
   </div>
   <div class='ocr_carea' id='block_1_2' title="bbox 205 467 1429 2290">
    <p class='ocr_par' dir='ltr' id='par_1_2' title="bbox 205 467 1429 2290">
     <span class='ocr_line' id='line_1_2' title="bbox 264 467 1426 552; baseline -0.003 -18"><span class='ocrx_word' id='word_1_5' title='bbox 264 468 446 552; x_wconf 81' lang='lat' dir='ltr'>praeclusit,</span> <span class='ocrx_word' id='word_1_6' title='bbox 468 467 519 532; x_wconf 92' lang='lat' dir='ltr'>cni</span> <span class='ocrx_word' id='word_1_7' title='bbox 541 467 638 533; x_wconf 84' lang='lat' dir='ltr'>simili</span> <span class='ocrx_word' id='word_1_8' title='bbox 660 467 755 534; x_wconf 92' lang='lat' dir='ltr'>modo</span> <span class='ocrx_word' id='word_1_9' title='bbox 771 474 869 551; x_wconf 89' lang='lat' dir='ltr'>atque</span> <span class='ocrx_word' id='word_1_10' title='bbox 885 468 1099 535; x_wconf 88' lang='lat' dir='ltr'>Delabordius</span> <span class='ocrx_word' id='word_1_11' title='bbox 1123 488 1284 534; x_wconf 85' lang='lat' dir='ltr'>carcerum</span> <span class='ocrx_word' id='word_1_12' title='bbox 1309 487 1426 532; x_wconf 87' lang='lat' dir='ltr'>arcum</span> 
     </span>
     <span class='ocr_line' id='line_1_3' title="bbox 264 569 1428 655; baseline -0.003 -18"><span class='ocrx_word' id='word_1_13' title='bbox 264 579 353 637; x_wconf 91' lang='lat' dir='ltr'>recta</span> <span class='ocrx_word' id='word_1_14' title='bbox 374 569 505 654; x_wconf 80' lang='lat' dir='ltr'>regione</span> <span class='ocrx_word' id='word_1_15' title='bbox 526 569 685 653; x_wconf 85' lang='lat' dir='ltr'>imposuit.</span> <span class='ocrx_word' id='word_1_16' title='bbox 728 569 810 635; x_wconf 80' lang='lat' dir='ltr'>Cum</span> <span class='ocrx_word' id='word_1_17' title='bbox 833 591 908 636; x_wconf 89' lang='lat' dir='ltr'>vero</span> <span class='ocrx_word' id='word_1_18' title='bbox 931 571 1089 655; x_wconf 90' lang='lat' dir='ltr'>porticum</span> <span class='ocrx_word' id='word_1_19' title='bbox 1116 571 1231 637; x_wconf 92' lang='lat' dir='ltr'>dextro</span> <span class='ocrx_word' id='word_1_20' title='bbox 1254 571 1356 637; x_wconf 88' lang='lat' dir='ltr'>lateri</span> <span class='ocrx_word' id='word_1_21' title='bbox 1380 571 1428 634; x_wconf 88' lang='lat' dir='ltr'>sic</span> 
     </span>
     <span class='ocr_line' id='line_1_4' title="bbox 264 671 1427 756; baseline -0.001 -19"><span class='ocrx_word' id='word_1_22' title='bbox 264 673 446 756; x_wconf 89' lang='lat' dir='ltr'>acclinaret,</span> <span class='ocrx_word' id='word_1_23' title='bbox 467 678 503 736; x_wconf 91' lang='lat' dir='ltr'>ut</span> <span class='ocrx_word' id='word_1_24' title='bbox 524 672 729 755; x_wconf 83' lang='lat' dir='ltr'>rectangulus</span> <span class='ocrx_word' id='word_1_25' title='bbox 750 671 850 755; x_wconf 85' lang='lat' dir='ltr'>fieret,</span> <span class='ocrx_word' id='word_1_26' title='bbox 874 677 1032 738; x_wconf 79' lang='lat' dir='ltr'><strong>certantes</strong></span> <span class='ocrx_word' id='word_1_27' title='bbox 1053 671 1188 738; x_wconf 80' lang='lat' dir='ltr'><strong>dextrae</strong></span> <span class='ocrx_word' id='word_1_28' title='bbox 1210 672 1284 737; x_wconf 85' lang='lat' dir='ltr'>alae</span> <span class='ocrx_word' id='word_1_29' title='bbox 1308 673 1427 737; x_wconf 88' lang='lat' dir='ltr'>statio·</span> 
     </span>
     <span class='ocr_line' id='line_1_5' title="bbox 263 773 1427 856; baseline -0.003 -17"><span class='ocrx_word' id='word_1_30' title='bbox 263 793 321 839; x_wconf 89' lang='lat' dir='ltr'>nes</span> <span class='ocrx_word' id='word_1_31' title='bbox 343 774 448 839; x_wconf 93' lang='lat' dir='ltr'>sortiti</span> <span class='ocrx_word' id='word_1_32' title='bbox 469 774 568 839; x_wconf 93' lang='lat' dir='ltr'>multo</span> <span class='ocrx_word' id='word_1_33' title='bbox 590 773 801 855; x_wconf 83' lang='lat' dir='ltr'>iniquioribus</span> <span class='ocrx_word' id='word_1_34' title='bbox 816 774 859 838; x_wconf 89' lang='lat' dir='ltr'>ad</span> <span class='ocrx_word' id='word_1_35' title='bbox 875 774 1065 839; x_wconf 83' lang='lat' dir='ltr'><strong>exteriorem</strong></span> <span class='ocrx_word' id='word_1_36' title='bbox 1087 781 1206 840; x_wconf 89' lang='lat' dir='ltr'>metam</span> <span class='ocrx_word' id='word_1_37' title='bbox 1222 793 1427 856; x_wconf 88' lang='lat' dir='ltr'>consequen·</span> 
     </span>
     <span class='ocr_line' id='line_1_6' title="bbox 264 875 1427 959; baseline -0.002 -18"><span class='ocrx_word' id='word_1_38' title='bbox 264 875 339 941; x_wconf 89' lang='lat' dir='ltr'>dam</span> <span class='ocrx_word' id='word_1_39' title='bbox 369 875 607 940; x_wconf 78' lang='lat' dir='ltr'>condicionibus</span> <span class='ocrx_word' id='word_1_40' title='bbox 630 876 800 941; x_wconf 89' lang='lat' dir='ltr'>utebantur</span> <span class='ocrx_word' id='word_1_41' title='bbox 822 896 918 959; x_wconf 89' lang='lat' dir='ltr'>quam</span> <span class='ocrx_word' id='word_1_42' title='bbox 946 875 1103 941; x_wconf 86' lang='lat' dir='ltr'>sinistrae.</span> <span class='ocrx_word' id='word_1_43' title='bbox 1147 876 1249 942; x_wconf 92' lang='lat' dir='ltr'>Immo</span> <span class='ocrx_word' id='word_1_44' title='bbox 1276 876 1326 940; x_wconf 88' lang='lat' dir='ltr'>ita</span> <span class='ocrx_word' id='word_1_45' title='bbox 1352 895 1427 940; x_wconf 88' lang='lat' dir='ltr'>con·</span> 
     </span>
     <span class='ocr_line' id='line_1_7' title="bbox 264 976 1429 1060; baseline -0.002 -18"><span class='ocrx_word' id='word_1_46' title='bbox 264 978 406 1043; x_wconf 90' lang='lat' dir='ltr'>diciones</span> <span class='ocrx_word' id='word_1_47' title='bbox 421 976 464 1041; x_wconf 91' lang='lat' dir='ltr'>ad</span> <span class='ocrx_word' id='word_1_48' title='bbox 478 984 629 1060; x_wconf 88' lang='lat' dir='ltr'>punctum</span> <span class='ocrx_word' id='word_1_49' title='bbox 643 978 726 1043; x_wconf 91' lang='lat' dir='ltr'>inter</span> <span class='ocrx_word' id='word_1_50' title='bbox 740 977 823 1043; x_wconf 89' lang='lat' dir='ltr'>banc</span> <span class='ocrx_word' id='word_1_51' title='bbox 837 984 957 1044; x_wconf 88' lang='lat' dir='ltr'>metam</span> <span class='ocrx_word' id='word_1_52' title='bbox 972 985 1005 1043; x_wconf 91' lang='lat' dir='ltr'>et</span> <span class='ocrx_word' id='word_1_53' title='bbox 1016 978 1165 1044; x_wconf 89' lang='lat' dir='ltr'>dextrum</span> <span class='ocrx_word' id='word_1_54' title='bbox 1176 978 1261 1043; x_wconf 90' lang='lat' dir='ltr'>latus</span> <span class='ocrx_word' id='word_1_55' title='bbox 1277 978 1429 1044; x_wconf 89' lang='lat' dir='ltr'>medium</span> 
     </span>
     <span class='ocr_line' id='line_1_8' title="bbox 263 1079 1428 1166; baseline 0.002 -23"><span class='ocrx_word' id='word_1_56' title='bbox 263 1079 483 1160; x_wconf 85' lang='lat' dir='ltr'>attingendum</span> <span class='ocrx_word' id='word_1_57' title='bbox 505 1099 598 1164; x_wconf 91' lang='lat' dir='ltr'>pares</span> <span class='ocrx_word' id='word_1_58' title='bbox 621 1085 720 1145; x_wconf 84' lang='lat' dir='ltr'>erant.</span> <span class='ocrx_word' id='word_1_59' title='bbox 764 1079 799 1144; x_wconf 94' lang='lat' dir='ltr'>Si</span> <span class='ocrx_word' id='word_1_60' title='bbox 822 1080 918 1164; x_wconf 87' lang='lat' dir='ltr'>igitur</span> <span class='ocrx_word' id='word_1_61' title='bbox 936 1079 1143 1146; x_wconf 85' lang='lat' dir='ltr'>condiciones</span> <span class='ocrx_word' id='word_1_62' title='bbox 1165 1086 1285 1146; x_wconf 88' lang='lat' dir='ltr'>metam</span> <span class='ocrx_word' id='word_1_63' title='bbox 1308 1086 1428 1166; x_wconf 90' lang='lat' dir='ltr'>peten-</span> 
     </span>
     <span class='ocr_line' id='line_1_9' title="bbox 264 1180 1427 1267; baseline 0.002 -21"><span class='ocrx_word' id='word_1_64' title='bbox 264 1183 350 1248; x_wconf 88' lang='lat' dir='ltr'>tibus</span> <span class='ocrx_word' id='word_1_65' title='bbox 366 1200 547 1263; x_wconf 83' lang='lat' dir='ltr'><strong>exaequare</strong></span> <span class='ocrx_word' id='word_1_66' title='bbox 562 1181 702 1262; x_wconf 86' lang='lat' dir='ltr'>volebat,</span> <span class='ocrx_word' id='word_1_67' title='bbox 725 1180 873 1247; x_wconf 87' lang='lat' dir='ltr'><strong>dextram</strong></span> <span class='ocrx_word' id='word_1_68' title='bbox 888 1182 1030 1265; x_wconf 91' lang='lat' dir='ltr'>porticus</span> <span class='ocrx_word' id='word_1_69' title='bbox 1048 1188 1173 1263; x_wconf 87' lang='lat' dir='ltr'>partem</span> <span class='ocrx_word' id='word_1_70' title='bbox 1190 1182 1337 1250; x_wconf 86' lang='lat' dir='ltr'>debebat</span> <span class='ocrx_word' id='word_1_71' title='bbox 1353 1202 1427 1267; x_wconf 93' lang='lat' dir='ltr'>pro-</span> 
     </span>
     <span class='ocr_line' id='line_1_10' title="bbox 264 1283 1429 1368; baseline -0.003 -19"><span class='ocrx_word' id='word_1_72' title='bbox 264 1305 393 1351; x_wconf 87' lang='lat' dir='ltr'>movere</span> <span class='ocrx_word' id='word_1_73' title='bbox 416 1291 480 1364; x_wconf 88' lang='lat' dir='ltr'>aut,</span> <span class='ocrx_word' id='word_1_74' title='bbox 503 1291 537 1347; x_wconf 94' lang='lat' dir='ltr'>ut</span> <span class='ocrx_word' id='word_1_75' title='bbox 557 1301 616 1347; x_wconf 90' lang='lat' dir='ltr'>nos</span> <span class='ocrx_word' id='word_1_76' title='bbox 637 1284 782 1366; x_wconf 85' lang='lat' dir='ltr'>facimus,</span> <span class='ocrx_word' id='word_1_77' title='bbox 805 1283 915 1368; x_wconf 88' lang='lat' dir='ltr'>oppidi</span> <span class='ocrx_word' id='word_1_78' title='bbox 937 1283 1100 1366; x_wconf 81' lang='lat' dir='ltr'>regionem</span> <span class='ocrx_word' id='word_1_79' title='bbox 1122 1283 1168 1348; x_wconf 89' lang='lat' dir='ltr'>ita</span> <span class='ocrx_word' id='word_1_80' title='bbox 1183 1285 1370 1368; x_wconf 85' lang='lat' dir='ltr'>obliquare,</span> <span class='ocrx_word' id='word_1_81' title='bbox 1395 1290 1429 1349; x_wconf 92' lang='lat' dir='ltr'>ut</span> 
     </span>
     <span class='ocr_line' id='line_1_11' title="bbox 264 1385 1428 1470; baseline -0.004 -16"><span class='ocrx_word' id='word_1_82' title='bbox 264 1387 408 1454; x_wconf 91' lang='lat' dir='ltr'>embolus</span> <span class='ocrx_word' id='word_1_83' title='bbox 430 1388 472 1451; x_wconf 92' lang='lat' dir='ltr'>ad</span> <span class='ocrx_word' id='word_1_84' title='bbox 501 1385 692 1451; x_wconf 87' lang='lat' dir='ltr'>exteriorem</span> <span class='ocrx_word' id='word_1_85' title='bbox 720 1393 838 1451; x_wconf 91' lang='lat' dir='ltr'>metam</span> <span class='ocrx_word' id='word_1_86' title='bbox 869 1386 998 1451; x_wconf 85' lang='lat' dir='ltr'>derecta</span> <span class='ocrx_word' id='word_1_87' title='bbox 1023 1392 1115 1452; x_wconf 88' lang='lat' dir='ltr'>esset.</span> <span class='ocrx_word' id='word_1_88' title='bbox 1160 1387 1309 1469; x_wconf 91' lang='lat' dir='ltr'>Denique</span> <span class='ocrx_word' id='word_1_89' title='bbox 1336 1385 1428 1470; x_wconf 92' lang='lat' dir='ltr'>quod</span> 
     </span>
     <span class='ocr_line' id='line_1_12' title="bbox 264 1488 1426 1573; baseline 0.001 -21"><span class='ocrx_word' id='word_1_90' title='bbox 264 1507 408 1552; x_wconf 78' lang='lat' dir='ltr'>carceres</span> <span class='ocrx_word' id='word_1_91' title='bbox 436 1507 498 1552; x_wconf 91' lang='lat' dir='ltr'>non</span> <span class='ocrx_word' id='word_1_92' title='bbox 526 1488 559 1552; x_wconf 94' lang='lat' dir='ltr'>in</span> <span class='ocrx_word' id='word_1_93' title='bbox 587 1488 830 1572; x_wconf 89' lang='lat' dir='ltr'>hippodromum</span> <span class='ocrx_word' id='word_1_94' title='bbox 860 1495 950 1554; x_wconf 88' lang='lat' dir='ltr'>recta</span> <span class='ocrx_word' id='word_1_95' title='bbox 977 1488 1107 1572; x_wconf 83' lang='lat' dir='ltr'>regione</span> <span class='ocrx_word' id='word_1_96' title='bbox 1130 1495 1333 1573; x_wconf 85' lang='lat' dir='ltr'>spectantes,</span> <span class='ocrx_word' id='word_1_97' title='bbox 1367 1489 1426 1554; x_wconf 89' lang='lat' dir='ltr'>sed</span> 
     </span>
     <span class='ocr_line' id='line_1_13' title="bbox 264 1589 1425 1676; baseline 0.001 -23"><span class='ocrx_word' id='word_1_98' title='bbox 264 1595 461 1654; x_wconf 85' lang='lat' dir='ltr'>transversos</span> <span class='ocrx_word' id='word_1_99' title='bbox 483 1590 604 1672; x_wconf 89' lang='lat' dir='ltr'>posuit,</span> <span class='ocrx_word' id='word_1_100' title='bbox 632 1597 668 1655; x_wconf 90' lang='lat' dir='ltr'>ut</span> <span class='ocrx_word' id='word_1_101' title='bbox 690 1589 803 1655; x_wconf 90' lang='lat' dir='ltr'>maiori</span> <span class='ocrx_word' id='word_1_102' title='bbox 832 1589 1020 1654; x_wconf 89' lang='lat' dir='ltr'>certantium</span> <span class='ocrx_word' id='word_1_103' title='bbox 1042 1609 1173 1655; x_wconf 90' lang='lat' dir='ltr'>numero</span> <span class='ocrx_word' id='word_1_104' title='bbox 1196 1592 1303 1673; x_wconf 89' lang='lat' dir='ltr'>spatia</span> <span class='ocrx_word' id='word_1_105' title='bbox 1326 1610 1425 1676; x_wconf 91' lang='lat' dir='ltr'>prae-</span> 
     </span>
     <span class='ocr_line' id='line_1_14' title="bbox 264 1691 1425 1775; baseline 0 -19"><span class='ocrx_word' id='word_1_106' title='bbox 264 1693 370 1772; x_wconf 90' lang='lat' dir='ltr'>beret,</span> <span class='ocrx_word' id='word_1_107' title='bbox 400 1691 433 1755; x_wconf 93' lang='lat' dir='ltr'>id</span> <span class='ocrx_word' id='word_1_108' title='bbox 456 1692 639 1758; x_wconf 90' lang='lat' dir='ltr'>Hermanno</span> <span class='ocrx_word' id='word_1_109' title='bbox 662 1691 744 1758; x_wconf 90' lang='lat' dir='ltr'>adeo</span> <span class='ocrx_word' id='word_1_110' title='bbox 766 1691 904 1775; x_wconf 88' lang='lat' dir='ltr'>placuit,</span> <span class='ocrx_word' id='word_1_111' title='bbox 930 1697 1053 1756; x_wconf 90' lang='lat' dir='ltr'>utrem</span> <span class='ocrx_word' id='word_1_112' title='bbox 1076 1691 1219 1775; x_wconf 89' lang='lat' dir='ltr'>pluribus</span> <span class='ocrx_word' id='word_1_113' title='bbox 1242 1693 1345 1759; x_wconf 89' lang='lat' dir='ltr'>etiam</span> <span class='ocrx_word' id='word_1_114' title='bbox 1369 1713 1425 1759; x_wconf 91' lang='lat' dir='ltr'>ex-</span> 
     </span>
     <span class='ocr_line' id='line_1_15' title="bbox 262 1793 1425 1879; baseline 0 -22"><span class='ocrx_word' id='word_1_115' title='bbox 262 1802 395 1878; x_wconf 92' lang='lat' dir='ltr'>poneret</span> <span class='ocrx_word' id='word_1_116' title='bbox 416 1793 459 1876; x_wconf 92' lang='lat' dir='ltr'>(p.</span> <span class='ocrx_word' id='word_1_117' title='bbox 481 1794 543 1878; x_wconf 86' lang='lat'>10).</span> <span class='ocrx_word' id='word_1_118' title='bbox 579 1794 653 1860; x_wconf 86' lang='lat' dir='ltr'>Non</span> <span class='ocrx_word' id='word_1_119' title='bbox 674 1813 803 1878; x_wconf 90' lang='lat' dir='ltr'>possum</span> <span class='ocrx_word' id='word_1_120' title='bbox 826 1793 905 1868; x_wconf 90' lang='lat' dir='ltr'>satis</span> <span class='ocrx_word' id='word_1_121' title='bbox 926 1793 1036 1859; x_wconf 89' lang='lat' dir='ltr'>mirari</span> <span class='ocrx_word' id='word_1_122' title='bbox 1057 1815 1120 1860; x_wconf 93' lang='lat' dir='ltr'>non</span> <span class='ocrx_word' id='word_1_123' title='bbox 1142 1794 1233 1860; x_wconf 92' lang='lat' dir='ltr'>illum</span> <span class='ocrx_word' id='word_1_124' title='bbox 1255 1796 1369 1879; x_wconf 91' lang='lat' dir='ltr'>ipsum</span> <span class='ocrx_word' id='word_1_125' title='bbox 1392 1795 1425 1858; x_wconf 93' lang='lat' dir='ltr'>in</span> 
     </span>
     <span class='ocr_line' id='line_1_16' title="bbox 263 1894 1424 1980; baseline 0 -20"><span class='ocrx_word' id='word_1_126' title='bbox 263 1916 301 1960; x_wconf 89' lang='lat' dir='ltr'>eo</span> <span class='ocrx_word' id='word_1_127' title='bbox 325 1894 513 1979; x_wconf 85' lang='lat' dir='ltr'>offendisse,</span> <span class='ocrx_word' id='word_1_128' title='bbox 543 1895 629 1976; x_wconf 93' lang='lat' dir='ltr'>quod</span> <span class='ocrx_word' id='word_1_129' title='bbox 656 1896 728 1980; x_wconf 91' lang='lat' dir='ltr'>ipse</span> <span class='ocrx_word' id='word_1_130' title='bbox 755 1902 881 1980; x_wconf 87' lang='lat' dir='ltr'>aperte,</span> <span class='ocrx_word' id='word_1_131' title='bbox 911 1901 1063 1977; x_wconf 88' lang='lat' dir='ltr'>tanquam</span> <span class='ocrx_word' id='word_1_132' title='bbox 1091 1896 1293 1963; x_wconf 92' lang='lat' dir='ltr'>commodum</span> <span class='ocrx_word' id='word_1_133' title='bbox 1323 1906 1424 1976; x_wconf 88' lang='lat' dir='ltr'>esset,</span> 
     </span>
     <span class='ocr_line' id='line_1_17' title="bbox 263 1991 1423 2083; baseline 0.001 -22"><span class='ocrx_word' id='word_1_134' title='bbox 263 1997 346 2062; x_wconf 91' lang='lat' dir='ltr'>dixit</span> <span class='ocrx_word' id='word_1_135' title='bbox 365 1991 524 2078; x_wconf 85' lang='lat' dir='ltr'>‘egressos</span> <span class='ocrx_word' id='word_1_136' title='bbox 553 2019 594 2064; x_wconf 93' lang='lat' dir='ltr'>ex</span> <span class='ocrx_word' id='word_1_137' title='bbox 622 1998 755 2063; x_wconf 86' lang='lat' dir='ltr'>dextrae</span> <span class='ocrx_word' id='word_1_138' title='bbox 777 1999 850 2062; x_wconf 89' lang='lat' dir='ltr'>alae</span> <span class='ocrx_word' id='word_1_139' title='bbox 879 1997 1060 2062; x_wconf 90' lang='lat' dir='ltr'>carceribus</span> <span class='ocrx_word' id='word_1_140' title='bbox 1086 2016 1186 2079; x_wconf 93' lang='lat' dir='ltr'>equos</span> <span class='ocrx_word' id='word_1_141' title='bbox 1206 1999 1356 2083; x_wconf 90' lang='lat' dir='ltr'>paullum</span> <span class='ocrx_word' id='word_1_142' title='bbox 1381 1999 1423 2063; x_wconf 88' lang='lat' dir='ltr'>ad</span> 
     </span>
     <span class='ocr_line' id='line_1_18' title="bbox 262 2098 1421 2185; baseline 0.001 -21"><span class='ocrx_word' id='word_1_143' title='bbox 262 2101 406 2184; x_wconf 87' lang='lat' dir='ltr'>laevam,</span> <span class='ocrx_word' id='word_1_144' title='bbox 436 2121 476 2166; x_wconf 92' lang='lat' dir='ltr'>ex</span> <span class='ocrx_word' id='word_1_145' title='bbox 499 2100 634 2166; x_wconf 90' lang='lat' dir='ltr'>sinistris</span> <span class='ocrx_word' id='word_1_146' title='bbox 656 2099 699 2164; x_wconf 88' lang='lat' dir='ltr'>ad</span> <span class='ocrx_word' id='word_1_147' title='bbox 722 2099 867 2164; x_wconf 89' lang='lat' dir='ltr'>dextram</span> <span class='ocrx_word' id='word_1_148' title='bbox 889 2098 1063 2165; x_wconf 89' lang='lat' dir='ltr'>flectendos</span> <span class='ocrx_word' id='word_1_149' title='bbox 1088 2101 1202 2182; x_wconf 86' lang='lat' dir='ltr'>fuisse,</span> <span class='ocrx_word' id='word_1_150' title='bbox 1230 2102 1421 2185; x_wconf 90' lang='lat' dir='ltr'>priusquam</span> 
     </span>
     <span class='ocr_line' id='line_1_19' title="bbox 205 2201 1421 2290; baseline -0.002 -22"><span class='ocrx_word' id='word_1_151' title='bbox 205 2226 206 2230; x_wconf 44' lang='lat'>¹</span> <span class='ocrx_word' id='word_1_152' title='bbox 263 2212 351 2268; x_wconf 89' lang='lat' dir='ltr'>recta</span> <span class='ocrx_word' id='word_1_153' title='bbox 374 2201 609 2286; x_wconf 87' lang='lat' dir='ltr'>procederent’.</span> <span class='ocrx_word' id='word_1_154' title='bbox 655 2201 740 2279; x_wconf 77' lang='lat' dir='ltr'>Quid</span> <span class='ocrx_word' id='word_1_155' title='bbox 762 2201 862 2290; x_wconf 85' lang='lat' dir='ltr'>ergo?</span> <span class='ocrx_word' id='word_1_156' title='bbox 906 2201 1072 2278; x_wconf 78' lang='lat' dir='ltr'>Quomodo</span> <span class='ocrx_word' id='word_1_157' title='bbox 1101 2202 1271 2285; x_wconf 88' lang='lat' dir='ltr'>quisquam</span> <span class='ocrx_word' id='word_1_158' title='bbox 1293 2213 1421 2270; x_wconf 91' lang='lat' dir='ltr'>certan-</span> 
     </span>
    </p>
   </div>
   <div class='ocr_carea' id='block_1_3' title="bbox 262 2303 1526 2402">
    <p class='ocr_par' dir='ltr' id='par_1_3' title="bbox 262 2303 1526 2402">
     <span class='ocr_line' id='line_1_20' title="bbox 262 2303 1526 2402; baseline -0.002 -33"><span class='ocrx_word' id='word_1_159' title='bbox 262 2305 341 2369; x_wconf 91' lang='lat' dir='ltr'>tium</span> <span class='ocrx_word' id='word_1_160' title='bbox 364 2326 382 2370; x_wconf 92' lang='lat' dir='ltr'>e</span> <span class='ocrx_word' id='word_1_161' title='bbox 404 2306 542 2370; x_wconf 89' lang='lat' dir='ltr'>statione</span> <span class='ocrx_word' id='word_1_162' title='bbox 565 2304 660 2370; x_wconf 89' lang='lat' dir='ltr'>evehi</span> <span class='ocrx_word' id='word_1_163' title='bbox 680 2309 815 2387; x_wconf 90' lang='lat' dir='ltr'>poterat,</span> <span class='ocrx_word' id='word_1_164' title='bbox 838 2303 900 2368; x_wconf 78' lang='lat' dir='ltr'>nisi</span> <span class='ocrx_word' id='word_1_165' title='bbox 922 2311 957 2368; x_wconf 90' lang='lat' dir='ltr'>ut</span> <span class='ocrx_word' id='word_1_166' title='bbox 979 2324 1050 2369; x_wconf 92' lang='lat' dir='ltr'>cum</span> <span class='ocrx_word' id='word_1_167' title='bbox 1072 2323 1164 2369; x_wconf 88' lang='lat' dir='ltr'>curru</span> <span class='ocrx_word' id='word_1_168' title='bbox 1188 2325 1205 2370; x_wconf 92' lang='lat' dir='ltr'>e</span> <span class='ocrx_word' id='word_1_169' title='bbox 1226 2305 1380 2388; x_wconf 87' lang='lat' dir='ltr'>proxima</span> <span class='ocrx_word' id='word_1_170' title='bbox 1401 2324 1421 2367; x_wconf 89' lang='lat' dir='ltr'>a</span> <span class='ocrx_word' id='word_1_171' title='bbox 1525 2373 1526 2402; x_wconf 24' lang='grc'>1</span> 
     </span>
    </p>
   </div>
   <div class='ocr_carea' id='block_1_4' title="bbox 263 2405 1421 2490">
    <p class='ocr_par' dir='ltr' id='par_1_4' title="bbox 263 2405 1421 2490">
     <span class='ocr_line' id='line_1_21' title="bbox 263 2405 1421 2490; baseline -0.001 -20"><span class='ocrx_word' id='word_1_172' title='bbox 263 2425 298 2470; x_wconf 93' lang='lat' dir='ltr'>se</span> <span class='ocrx_word' id='word_1_173' title='bbox 325 2407 463 2471; x_wconf 88' lang='lat' dir='ltr'>statione</span> <span class='ocrx_word' id='word_1_174' title='bbox 493 2406 614 2489; x_wconf 86' lang='lat' dir='ltr'>egressi</span> <span class='ocrx_word' id='word_1_175' title='bbox 642 2405 832 2470; x_wconf 85' lang='lat' dir='ltr'>collideret?</span> <span class='ocrx_word' id='word_1_176' title='bbox 881 2406 1052 2470; x_wconf 89' lang='lat' dir='ltr'>Praeterea</span> <span class='ocrx_word' id='word_1_177' title='bbox 1083 2406 1319 2490; x_wconf 87' lang='lat' dir='ltr'>ineptissimum</span> <span class='ocrx_word' id='word_1_178' title='bbox 1350 2413 1421 2475; x_wconf 85' lang='lat' dir='ltr'>erat</span> 
     </span>
    </p>
   </div>
   <div class='ocr_carea' id='block_1_5' title="bbox 263 2506 1526 2592">
    <p class='ocr_par' dir='ltr' id='par_1_5' title="bbox 263 2506 1526 2592">
     <span class='ocr_line' id='line_1_22' title="bbox 263 2506 1526 2592; baseline 0.002 -20"><span class='ocrx_word' id='word_1_179' title='bbox 263 2513 421 2572; x_wconf 90' lang='lat' dir='ltr'>certantes</span> <span class='ocrx_word' id='word_1_180' title='bbox 444 2527 558 2589; x_wconf 82' lang='lat' dir='ltr'>eogere</span> <span class='ocrx_word' id='word_1_181' title='bbox 581 2528 622 2573; x_wconf 91' lang='lat' dir='ltr'>ex</span> <span class='ocrx_word' id='word_1_182' title='bbox 644 2507 723 2590; x_wconf 92' lang='lat' dir='ltr'>ipsis</span> <span class='ocrx_word' id='word_1_183' title='bbox 752 2507 932 2572; x_wconf 88' lang='lat' dir='ltr'>carceribus</span> <span class='ocrx_word' id='word_1_184' title='bbox 955 2509 1062 2572; x_wconf 88' lang='lat' dir='ltr'>statim</span> <span class='ocrx_word' id='word_1_185' title='bbox 1089 2514 1159 2572; x_wconf 88' lang='lat' dir='ltr'>arto</span> <span class='ocrx_word' id='word_1_186' title='bbox 1181 2506 1268 2573; x_wconf 89' lang='lat' dir='ltr'>flexu</span> <span class='ocrx_word' id='word_1_187' title='bbox 1290 2529 1419 2576; x_wconf 87' lang='lat' dir='ltr'>cursum</span> <span class='ocrx_word' id='word_1_188' title='bbox 1525 2581 1526 2592; x_wconf 37' lang='lat'>,</span> 
     </span>
    </p>
   </div>
   <div class='ocr_carea' id='block_1_6' title="bbox 263 2606 1417 2693">
    <p class='ocr_par' dir='ltr' id='par_1_6' title="bbox 263 2606 1417 2693">
     <span class='ocr_line' id='line_1_23' title="bbox 263 2606 1417 2693; baseline 0.003 -21"><span class='ocrx_word' id='word_1_189' title='bbox 263 2606 441 2693; x_wconf 89' lang='lat' dir='ltr'>declinare,</span> <span class='ocrx_word' id='word_1_190' title='bbox 475 2610 551 2693; x_wconf 89' lang='lat' dir='ltr'>quia</span> <span class='ocrx_word' id='word_1_191' title='bbox 578 2609 647 2675; x_wconf 90' lang='lat' dir='ltr'>sine</span> <span class='ocrx_word' id='word_1_192' title='bbox 676 2629 765 2675; x_wconf 90' lang='lat' dir='ltr'>mora</span> <span class='ocrx_word' id='word_1_193' title='bbox 793 2630 831 2674; x_wconf 91' lang='lat' dir='ltr'>ae</span> <span class='ocrx_word' id='word_1_194' title='bbox 857 2610 1097 2691; x_wconf 88' lang='lat' dir='ltr'>perturbatione</span> <span class='ocrx_word' id='word_1_195' title='bbox 1126 2609 1250 2675; x_wconf 90' lang='lat' dir='ltr'>excurri</span> <span class='ocrx_word' id='word_1_196' title='bbox 1280 2611 1417 2675; x_wconf 90' lang='lat' dir='ltr'>multum</span> 
     </span>
    </p>
   </div>
   <div class='ocr_carea' id='block_1_7' title="bbox 262 2709 1526 2793">
    <p class='ocr_par' dir='ltr' id='par_1_7' title="bbox 262 2709 1526 2793">
     <span class='ocr_line' id='line_1_24' title="bbox 262 2709 1526 2793; baseline 0 -17"><span class='ocrx_word' id='word_1_197' title='bbox 262 2712 424 2777; x_wconf 88' lang='lat' dir='ltr'>intererat.</span> <span class='ocrx_word' id='word_1_198' title='bbox 469 2711 555 2788; x_wconf 78' lang='lat' dir='ltr'>Quas</span> <span class='ocrx_word' id='word_1_199' title='bbox 579 2712 700 2777; x_wconf 85' lang='lat' dir='ltr'>evitare</span> <span class='ocrx_word' id='word_1_200' title='bbox 721 2711 768 2776; x_wconf 89' lang='lat' dir='ltr'>sie</span> <span class='ocrx_word' id='word_1_201' title='bbox 790 2709 1012 2776; x_wconf 82' lang='lat' dir='ltr'>difficillimum</span> <span class='ocrx_word' id='word_1_202' title='bbox 1029 2715 1106 2792; x_wconf 90' lang='lat' dir='ltr'>erat,</span> <span class='ocrx_word' id='word_1_203' title='bbox 1129 2712 1320 2793; x_wconf 90' lang='lat' dir='ltr'>praesertim</span> <span class='ocrx_word' id='word_1_204' title='bbox 1344 2732 1418 2778; x_wconf 90' lang='lat' dir='ltr'>cum</span> <span class='ocrx_word' id='word_1_205' title='bbox 1525 2779 1526 2786; x_wconf 45' lang='lat'>,</span> 
     </span>
    </p>
   </div>
   <div class='ocr_carea' id='block_1_8' title="bbox 261 2811 1418 3507">
    <p class='ocr_par' dir='ltr' id='par_1_8' title="bbox 261 2811 1418 3410">
     <span class='ocr_line' id='line_1_25' title="bbox 263 2811 1418 2897; baseline -0.005 -17"><span class='ocrx_word' id='word_1_206' title='bbox 263 2815 337 2897; x_wconf 90' lang='lat' dir='ltr'>equi</span> <span class='ocrx_word' id='word_1_207' title='bbox 366 2833 492 2880; x_wconf 89' lang='lat' dir='ltr'>cursum</span> <span class='ocrx_word' id='word_1_208' title='bbox 522 2821 707 2897; x_wconf 91' lang='lat' dir='ltr'>expetentes</span> <span class='ocrx_word' id='word_1_209' title='bbox 735 2811 940 2878; x_wconf 85' lang='lat' dir='ltr'>vehementer</span> <span class='ocrx_word' id='word_1_210' title='bbox 967 2813 1145 2878; x_wconf 88' lang='lat' dir='ltr'>ferocirent.</span> <span class='ocrx_word' id='word_1_211' title='bbox 1196 2813 1290 2891; x_wconf 79' lang='lat' dir='ltr'>Quod</span> <span class='ocrx_word' id='word_1_212' title='bbox 1319 2816 1418 2880; x_wconf 93' lang='lat' dir='ltr'>miror</span> 
     </span>
     <span class='ocr_line' id='line_1_26' title="bbox 263 2914 1416 2998; baseline -0.003 -16"><span class='ocrx_word' id='word_1_213' title='bbox 263 2918 304 2982; x_wconf 91' lang='lat' dir='ltr'>ab</span> <span class='ocrx_word' id='word_1_214' title='bbox 328 2917 510 2984; x_wconf 89' lang='lat' dir='ltr'>Hermanno</span> <span class='ocrx_word' id='word_1_215' title='bbox 533 2917 642 2996; x_wconf 86' lang='lat' dir='ltr'>negari</span> <span class='ocrx_word' id='word_1_216' title='bbox 666 2915 710 2998; x_wconf 92' lang='lat' dir='ltr'>(p.</span> <span class='ocrx_word' id='word_1_217' title='bbox 727 2915 769 2998; x_wconf 85' lang='lat'>7).</span> <span class='ocrx_word' id='word_1_218' title='bbox 807 2914 932 2980; x_wconf 80' lang='lat' dir='ltr'>Etenim</span> <span class='ocrx_word' id='word_1_219' title='bbox 954 2916 1016 2980; x_wconf 92' lang='lat' dir='ltr'>nisi</span> <span class='ocrx_word' id='word_1_220' title='bbox 1039 2915 1073 2980; x_wconf 95' lang='lat' dir='ltr'>id</span> <span class='ocrx_word' id='word_1_221' title='bbox 1094 2914 1160 2980; x_wconf 89' lang='lat' dir='ltr'>suis</span> <span class='ocrx_word' id='word_1_222' title='bbox 1183 2916 1283 2980; x_wconf 89' lang='lat' dir='ltr'>oculis</span> <span class='ocrx_word' id='word_1_223' title='bbox 1306 2915 1416 2982; x_wconf 88' lang='lat' dir='ltr'>videre</span> 
     </span>
     <span class='ocr_line' id='line_1_27' title="bbox 262 3016 1414 3104; baseline -0.003 -20"><span class='ocrx_word' id='word_1_224' title='bbox 262 3021 366 3103; x_wconf 92' lang='lat' dir='ltr'>potuit</span> <span class='ocrx_word' id='word_1_225' title='bbox 388 3031 566 3104; x_wconf 86' lang='lat' dir='ltr'>propterea,</span> <span class='ocrx_word' id='word_1_226' title='bbox 589 3017 674 3102; x_wconf 89' lang='lat' dir='ltr'>quod</span> <span class='ocrx_word' id='word_1_227' title='bbox 697 3016 764 3081; x_wconf 91' lang='lat' dir='ltr'>eiua</span> <span class='ocrx_word' id='word_1_228' title='bbox 786 3023 892 3082; x_wconf 87' lang='lat' dir='ltr'>aetate</span> <span class='ocrx_word' id='word_1_229' title='bbox 914 3018 1074 3098; x_wconf 89' lang='lat' dir='ltr'>equestria</span> <span class='ocrx_word' id='word_1_230' title='bbox 1096 3018 1270 3083; x_wconf 86' lang='lat' dir='ltr'>certamina</span> <span class='ocrx_word' id='word_1_231' title='bbox 1292 3027 1414 3084; x_wconf 87' lang='lat' dir='ltr'>nostra·</span> 
     </span>
     <span class='ocr_line' id='line_1_28' title="bbox 261 3120 1415 3203; baseline -0.003 -17"><span class='ocrx_word' id='word_1_232' title='bbox 261 3124 347 3188; x_wconf 91' lang='lat' dir='ltr'>tibus</span> <span class='ocrx_word' id='word_1_233' title='bbox 375 3124 474 3188; x_wconf 92' lang='lat' dir='ltr'>multo</span> <span class='ocrx_word' id='word_1_234' title='bbox 502 3122 607 3187; x_wconf 94' lang='lat' dir='ltr'>minus</span> <span class='ocrx_word' id='word_1_235' title='bbox 636 3120 756 3185; x_wconf 86' lang='lat' dir='ltr'>usitata</span> <span class='ocrx_word' id='word_1_236' title='bbox 783 3127 873 3184; x_wconf 90' lang='lat' dir='ltr'>erant</span> <span class='ocrx_word' id='word_1_237' title='bbox 902 3139 997 3201; x_wconf 86' lang='lat' dir='ltr'>quam</span> <span class='ocrx_word' id='word_1_238' title='bbox 1027 3139 1126 3203; x_wconf 90' lang='lat' dir='ltr'>nunc,</span> <span class='ocrx_word' id='word_1_239' title='bbox 1154 3126 1261 3184; x_wconf 88' lang='lat' dir='ltr'>tamen</span> <span class='ocrx_word' id='word_1_240' title='bbox 1287 3128 1415 3186; x_wconf 86' lang='lat' dir='ltr'>veteres</span> 
     </span>
     <span class='ocr_line' id='line_1_29' title="bbox 261 3220 1412 3307; baseline -0.003 -18"><span class='ocrx_word' id='word_1_241' title='bbox 261 3223 374 3290; x_wconf 89' lang='lat' dir='ltr'>audire</span> <span class='ocrx_word' id='word_1_242' title='bbox 397 3224 538 3290; x_wconf 91' lang='lat' dir='ltr'>debebat</span> <span class='ocrx_word' id='word_1_243' title='bbox 559 3230 686 3307; x_wconf 87' lang='lat' dir='ltr'>poetas,</span> <span class='ocrx_word' id='word_1_244' title='bbox 716 3221 771 3304; x_wconf 93' lang='lat' dir='ltr'>qui</span> <span class='ocrx_word' id='word_1_245' title='bbox 800 3220 877 3286; x_wconf 86' lang='lat' dir='ltr'>data</span> <span class='ocrx_word' id='word_1_246' title='bbox 899 3223 1066 3288; x_wconf 89' lang='lat' dir='ltr'>occasione</span> <span class='ocrx_word' id='word_1_247' title='bbox 1089 3241 1188 3302; x_wconf 90' lang='lat' dir='ltr'>equos</span> <span class='ocrx_word' id='word_1_248' title='bbox 1214 3227 1325 3287; x_wconf 88' lang='lat' dir='ltr'>contra</span> <span class='ocrx_word' id='word_1_249' title='bbox 1346 3242 1412 3287; x_wconf 89' lang='lat' dir='ltr'>car-</span> 
     </span>
     <span class='ocr_line' id='line_1_30' title="bbox 262 3322 1413 3410; baseline -0.003 -19"><span class='ocrx_word' id='word_1_250' title='bbox 262 3347 368 3392; x_wconf 91' lang='lat' dir='ltr'>cerum</span> <span class='ocrx_word' id='word_1_251' title='bbox 381 3326 535 3410; x_wconf 82' lang='lat' dir='ltr'>repagula</span> <span class='ocrx_word' id='word_1_252' title='bbox 546 3327 765 3408; x_wconf 87' lang='lat' dir='ltr'>obstrepentes</span> <span class='ocrx_word' id='word_1_253' title='bbox 777 3323 958 3389; x_wconf 89' lang='lat' dir='ltr'>describere</span> <span class='ocrx_word' id='word_1_254' title='bbox 969 3323 1025 3388; x_wconf 83' lang='lat' dir='ltr'>vix</span> <span class='ocrx_word' id='word_1_255' title='bbox 1038 3342 1187 3403; x_wconf 89' lang='lat' dir='ltr'>umquam</span> <span class='ocrx_word' id='word_1_256' title='bbox 1199 3323 1382 3390; x_wconf 87' lang='lat' dir='ltr'>omiserunt.</span> <span class='ocrx_word' id='word_1_257' title='bbox 1391 3322 1413 3406; x_wconf 88' lang='lat'>¹)</span> 
     </span>
    </p>

    <p class='ocr_par' dir='ltr' id='par_1_9' title="bbox 347 3423 1413 3507">
     <span class='ocr_line' id='line_1_31' title="bbox 347 3423 1413 3507; baseline -0.006 -13"><span class='ocrx_word' id='word_1_258' title='bbox 347 3428 504 3506; x_wconf 77' lang='lat' dir='ltr'>Quoniam</span> <span class='ocrx_word' id='word_1_259' title='bbox 520 3426 717 3492; x_wconf 91' lang='lat' dir='ltr'>Viscontium</span> <span class='ocrx_word' id='word_1_260' title='bbox 733 3445 868 3507; x_wconf 89' lang='lat' dir='ltr'>cumque</span> <span class='ocrx_word' id='word_1_261' title='bbox 884 3445 922 3491; x_wconf 93' lang='lat' dir='ltr'>eo</span> <span class='ocrx_word' id='word_1_262' title='bbox 945 3424 1039 3488; x_wconf 88' lang='lat' dir='ltr'>simul</span> <span class='ocrx_word' id='word_1_263' title='bbox 1054 3423 1282 3506; x_wconf 88' lang='lat' dir='ltr'>Hermannum,</span> <span class='ocrx_word' id='word_1_264' title='bbox 1305 3424 1413 3505; x_wconf 89' lang='lat' dir='ltr'>quoad</span> 
     </span>
    </p>
   </div>
   <div class='ocr_carea' id='block_1_9' title="bbox 262 3524 1524 3613">
    <p class='ocr_par' dir='ltr' id='par_1_10' title="bbox 262 3524 1524 3613">
     <span class='ocr_line' id='line_1_32' title="bbox 262 3524 1524 3613; baseline -0.006 -18"><span class='ocrx_word' id='word_1_265' title='bbox 262 3529 391 3609; x_wconf 90' lang='lat' dir='ltr'>quidem</span> <span class='ocrx_word' id='word_1_266' title='bbox 419 3530 509 3594; x_wconf 90' lang='lat' dir='ltr'>illum</span> <span class='ocrx_word' id='word_1_267' title='bbox 531 3529 731 3613; x_wconf 85' lang='lat' dir='ltr'>probaverit,</span> <span class='ocrx_word' id='word_1_268' title='bbox 760 3527 996 3612; x_wconf 83' lang='lat' dir='ltr'>redarguimus,</span> <span class='ocrx_word' id='word_1_269' title='bbox 1024 3525 1089 3587; x_wconf 89' lang='lat' dir='ltr'>iam</span> <span class='ocrx_word' id='word_1_270' title='bbox 1115 3524 1157 3588; x_wconf 87' lang='lat' dir='ltr'>ed</span> <span class='ocrx_word' id='word_1_271' title='bbox 1179 3545 1296 3590; x_wconf 87' lang='lat' dir='ltr'>novam</span> <span class='ocrx_word' id='word_1_272' title='bbox 1320 3526 1412 3591; x_wconf 88' lang='lat' dir='ltr'>buius</span> <span class='ocrx_word' id='word_1_273' title='bbox 1523 3593 1524 3600; x_wconf 36' lang='lat'>,</span> 
     </span>
    </p>
   </div>
   <div class='ocr_carea' id='block_1_10' title="bbox 261 3625 1413 3816">
    <p class='ocr_par' dir='ltr' id='par_1_11' title="bbox 261 3625 1413 3816">
     <span class='ocr_line' id='line_1_33' title="bbox 261 3625 1413 3712; baseline -0.006 -16"><span class='ocrx_word' id='word_1_274' title='bbox 261 3630 451 3696; x_wconf 87' lang='lat' dir='ltr'>sententiam</span> <span class='ocrx_word' id='word_1_275' title='bbox 468 3630 668 3712; x_wconf 88' lang='lat' dir='ltr'>accedamus,</span> <span class='ocrx_word' id='word_1_276' title='bbox 684 3649 854 3711; x_wconf 90' lang='lat' dir='ltr'>quaecum</span> <span class='ocrx_word' id='word_1_277' title='bbox 871 3625 1024 3692; x_wconf 92' lang='lat' dir='ltr'>Viscontii</span> <span class='ocrx_word' id='word_1_278' title='bbox 1038 3645 1101 3690; x_wconf 93' lang='lat' dir='ltr'>non</span> <span class='ocrx_word' id='word_1_279' title='bbox 1118 3626 1277 3694; x_wconf 90' lang='lat' dir='ltr'>cohaeret.</span> <span class='ocrx_word' id='word_1_280' title='bbox 1308 3627 1413 3694; x_wconf 88' lang='lat' dir='ltr'>Sentit</span> 
     </span>
     <span class='ocr_line' id='line_1_34' title="bbox 262 3728 1412 3816; baseline -0.003 -18"><span class='ocrx_word' id='word_1_281' title='bbox 262 3733 346 3798; x_wconf 90' lang='lat' dir='ltr'>enim</span> <span class='ocrx_word' id='word_1_282' title='bbox 369 3733 414 3816; x_wconf 86' lang='lat' dir='ltr'>(p.</span> <span class='ocrx_word' id='word_1_283' title='bbox 432 3732 496 3816; x_wconf 86' lang='lat'>13),</span> <span class='ocrx_word' id='word_1_284' title='bbox 520 3753 590 3798; x_wconf 91' lang='lat' dir='ltr'>cnm</span> <span class='ocrx_word' id='word_1_285' title='bbox 614 3733 767 3816; x_wconf 90' lang='lat' dir='ltr'>oppidum</span> <span class='ocrx_word' id='word_1_286' title='bbox 783 3732 890 3815; x_wconf 92' lang='lat' dir='ltr'>plures</span> <span class='ocrx_word' id='word_1_287' title='bbox 912 3747 1008 3809; x_wconf 90' lang='lat' dir='ltr'>quam</span> <span class='ocrx_word' id='word_1_288' title='bbox 1030 3728 1219 3794; x_wconf 85' lang='lat' dir='ltr'>curriculum</span> <span class='ocrx_word' id='word_1_289' title='bbox 1240 3730 1412 3812; x_wconf 82' lang='lat' dir='ltr'>quadrigas</span> 
     </span>
    </p>
   </div>
   <div class='ocr_carea' id='block_1_11' title="bbox 348 3925 1526 4015">
    <p class='ocr_par' dir='ltr' id='par_1_12' title="bbox 348 3925 1526 4015">
     <span class='ocr_line' id='line_1_35' title="bbox 348 3925 1526 4015; baseline -0.005 -10"><span class='ocrx_word' id='word_1_290' title='bbox 348 3956 373 4015; x_wconf 78' lang='grc' dir='ltr'>ιι</span> <span class='ocrx_word' id='word_1_291' title='bbox 398 3951 525 4006; x_wconf 63' lang='lat' dir='ltr'>canet.</span> <span class='ocrx_word' id='word_1_292' title='bbox 539 3949 566 4003; x_wconf 89' lang='grc' dir='ltr'>ιι</span> <span class='ocrx_word' id='word_1_293' title='bbox 582 3955 637 4004; x_wconf 85' lang='lat'>155.</span> <span class='ocrx_word' id='word_1_294' title='bbox 657 3945 1031 4004; x_wconf 76' lang='lat' dir='ltr'>star.Tbeb.vlaao-tot.</span> <span class='ocrx_word' id='word_1_295' title='bbox 1054 3945 1143 4014; x_wconf 77' lang='lat' dir='ltr'>spon.</span> <span class='ocrx_word' id='word_1_296' title='bbox 1157 3945 1211 4000; x_wconf 86' lang='lat' dir='ltr'>srr.</span> <span class='ocrx_word' id='word_1_297' title='bbox 1225 3947 1412 4002; x_wconf 65' lang='lat' dir='ltr'>artaxium</span> <span class='ocrx_word' id='word_1_298' title='bbox 1525 3925 1526 3954; x_wconf 61' lang='lat'>¹</span> 
     </span>
    </p>
   </div>
   <div class='ocr_carea' id='block_1_12' title="bbox 261 4035 619 4104">
    <p class='ocr_par' dir='ltr' id='par_1_13' title="bbox 261 4035 619 4104">
     <span class='ocr_line' id='line_1_36' title="bbox 261 4035 619 4104; baseline 0 -14"><span class='ocrx_word' id='word_1_299' title='bbox 261 4035 311 4104; x_wconf 88' lang='lat' dir='ltr'>(ed.</span> <span class='ocrx_word' id='word_1_300' title='bbox 331 4035 474 4100; x_wconf 77' lang='lat' dir='ltr'>Sirmond.l</span> <span class='ocrx_word' id='word_1_301' title='bbox 494 4039 619 4090; x_wconf 81' lang='lat'><strong>331-34.</strong></span> 
     </span>
    </p>
   </div>
   <div class='ocr_carea' id='block_1_13' title="bbox 0 0 1548 4774">
    <p class='ocr_par' dir='ltr' id='par_1_14' title="bbox 0 0 1548 4774">
     <span class='ocr_line' id='line_1_37' title="bbox 0 0 1548 4774; baseline 0 3"><span class='ocrx_word' id='word_1_302' title='bbox 0 0 1548 4774; x_wconf 95' lang='lat' dir='ltr'> </span> 
     </span>
    </p>
   </div>
  </div>
 </body>
</html>
