3088 4774
228 287 290 346 100
630 287 662 341 Β.
689 286 740 340 DE
757 284 977 342 TARAXIPPO.

227 464 310 544 loca,
333 459 443 544 quoad
458 461 527 526 eins
543 458 612 526 fieri
627 465 763 542 poterat,
785 466 954 526 amaturae
971 479 1006 528 se
1028 458 1274 542 applicantibus
1290 456 1387 523 Grae-

226 565 273 630 cis
296 567 329 636 ct
351 561 572 645 hippodromis
595 568 627 626 ct
649 560 763 628 stadiis
778 561 1000 628 construendis
1017 562 1091 628 aliis
1106 560 1298 644 anteposita
1320 577 1389 625 csse

226 685 278 732 res
301 669 350 731 est
371 664 547 730 notissima.
592 663 790 730 Curvaturae
817 663 915 746 igitur
943 661 1146 746 hippodromi
1167 661 1274 727 rutila
1295 678 1391 743 rupes

227 788 245 834 e
268 766 403 834 collibus
432 783 621 848 procurrens
651 765 845 831 imminebat
891 764 1066 848 Quoniam,
1093 765 1127 830 in
1149 783 1301 848 quanam
1324 782 1393 829 cur·

227 875 361 935 vaturae
382 873 473 951 parte
496 869 574 935 situs
595 867 700 948 fuerit,
722 887 786 932 non
801 873 950 934 accurate
972 865 1093 933 dictum
1116 872 1175 949 est,
1199 866 1237 931 in
1262 865 1395 931 sinistra

227 971 296 1038 eius
318 976 409 1054 parte
432 970 537 1036 locum
559 989 632 1036 eum
655 969 807 1036 habuisse
828 969 904 1036 licet
925 988 1060 1036 sumere.
1097 967 1230 1034 Deinde
1254 986 1293 1032 re
1316 983 1396 1030 vera

228 1092 327 1156 equos
350 1072 507 1139 eiusmodi
530 1093 564 1139 re
586 1071 735 1153 naturali,
758 1071 886 1153 qualem
908 1072 941 1136 in
962 1077 1129 1137 montuosa
1144 1070 1295 1137 Graecia
1317 1067 1395 1134 coti·

228 1174 282 1239 die
303 1173 370 1239 fere
393 1180 538 1256 spectare
559 1178 716 1256 poterant,
739 1193 803 1237 non
826 1173 928 1255 magis
951 1193 1047 1256 quam
1070 1172 1210 1256 simplici
1235 1191 1301 1237 ara
1324 1188 1395 1253 per·

227 1275 354 1342 territos
377 1294 449 1341 esse
472 1275 603 1342 cuilibet
624 1275 737 1340 talium
759 1295 865 1340 rerum
887 1276 991 1357 perito
1016 1295 1206 1359 persuasum
1231 1280 1302 1340 est:
1333 1270 1396 1335 hae

185 1389 189 1409 ¹
227 1396 332 1461 nugae
348 1383 429 1442 sunt.
463 1376 564 1442 Immo
579 1377 645 1442 alia
660 1396 758 1443 causa
779 1377 1026 1458 perturbationis
1044 1374 1215 1460 deficiente
1241 1373 1396 1441 homines

229 1477 440 1560 superstitiosi
455 1476 498 1542 ad
514 1478 605 1543 illam
621 1497 743 1561 rupem,
766 1479 886 1561 quippe
901 1498 984 1561 quae
1000 1479 1139 1545 maxime
1154 1479 1188 1543 in
1211 1481 1396 1560 conspectu

229 1583 328 1662 esset,
358 1578 577 1662 confugerunt.
622 1580 794 1663 Olympiae
818 1600 945 1664 quoque
973 1582 1112 1647 similem
1138 1601 1277 1648 cansam
1302 1582 1396 1644 natu-

228 1681 330 1745 ralem
358 1685 548 1760 quaerentes
578 1680 661 1745 lauri
689 1681 774 1746 foliis
803 1688 899 1747 vento
927 1684 1058 1765 agitatis
1087 1703 1186 1767 equos
1213 1677 1396 1767 perterreri

229 1781 362 1865 quidam
383 1782 604 1863 opinabantur.
642 1781 712 1847 Hoc
734 1781 827 1848 docet
849 1783 1006 1850 scholium
1027 1792 1119 1852 vetus
1142 1785 1185 1851 ad
1200 1780 1395 1869 Lycophro-

229 1884 280 1951 nis
302 1883 397 1948 Alex.
412 1904 443 1948 v.
460 1885 501 1947 42
525 1881 586 1960 (ed.
606 1882 729 1949 Kinkel
750 1903 781 1966 p.
799 1885 866 1962 68):
898 1883 1005 1969 ,ἔνθα
1025 1889 1179 1974 γηγενοῦς
1198 1879 1348 1968 Ἰσχένου
1361 1873 1394 1964 ι)]

230 1989 332 2069 Γίγας
356 1980 482 2068 ἐγένετο
497 1980 615 2068 Ἑρμοῦ
637 1984 692 2048 καί
711 1977 860 2066 Ἱερείας·
883 1985 1001 2053 τούτου
1024 1988 1060 2054 δὲ
1083 1986 1156 2065 υίὸς
1170 1983 1332 2071 Ἴσχενας,
1357 1975 1394 2049 οὗ

229 2089 342 2176 μνῆμα
367 2085 533 2153 δείκνυται
555 2081 650 2167 παρά
674 2082 731 2150 τὸν
745 2086 948 2170 καλούμενον
964 2089 1108 2176 Κρόνιον
1127 2088 1232 2177 λόφον
1249 2087 1330 2177 [hoc
1353 2104 1394 2152 cx

230 2193 331 2275 ipsius
354 2195 471 2273 poetae
494 2190 602 2254 verbis
631 2188 806 2256 scholiasta
828 2207 997 2275 perperam
1023 2189 1157 2280 hausit]·
1188 2192 1335 2259 καλοῦσι
1360 2183 1395 2250 δὲ

231 2285 331 2358 αὐτὸν
358 2286 595 2372 Ταράξιππον,
627 2286 742 2374 ἐπειδὴ
768 2290 800 2356 οἱ
824 2285 1061 2376 ἀγωνιζόμενοι
1082 2294 1204 2375 ἵπποι,
1227 2286 1316 2360 άταν
1339 2292 1393 2375 γε’-

113 2449 127 2464 ,,
232 2417 354 2459 νωνται
383 2389 488 2454 ἐκεῖσε
510 2388 595 2455 κατὰ
617 2387 654 2454 τὸ
678 2393 808 2477 μνῆμα,
838 2394 1075 2479 ταράσσονται.
1121 2390 1394 2482 illoricatum

233 2491 361 2578 δάφνην
390 2485 476 2555 είναι
504 2492 560 2557 καί
590 2495 763 2578 σειομένης
786 2485 886 2580 αὐτῆς
907 2499 949 2583 τῇ
974 2501 1052 2586 σκιᾷ
1079 2501 1146 2563 τῶν
1169 2497 1308 2587 φύλλων
1332 2519 1393 2559 τα-

233 2591 424 2678 ράσσεσθαι
446 2588 524 2667 τούς
539 2590 729 2671 ίππουςίίί)
764 2594 965 2680 Quamquam
982 2602 1025 2668 ad
1040 2601 1174 2686 frondis,
1196 2598 1392 2686 praesertim

234 2793 274 2934 ηρ
286 2793 340 2932 ξαρ
349 2792 459 2931 νηηεςε
468 2791 587 2848 arohcol.
598 2807 632 2847 en
645 2794 730 2850 Grdce
740 2801 766 2850 et
774 2797 822 2850 As.
835 2798 898 2852 min.
909 2799 968 2855 itin.
979 2801 1035 2857 tab.
1045 2807 1078 2858 33
1087 2809 1115 2859 et
1122 2821 1149 2874 p.
1160 2808 1202 2861 33.
1221 2805 1291 2862 Stat.
1303 2803 1391 2860 Theb.

308 2883 372 2932 5-
394 2883 418 2931 0.

324 2984 348 3046 1)
365 2979 410 3033 Sic
421 2980 493 3034 enim
504 2980 645 3049 legendum
661 2997 757 3038 censeo
770 2988 798 3038 et
815 2985 942 3043 aTzetae
954 2989 1054 3045 lectum
1066 3004 1133 3045 esse.
1160 2992 1274 3047 (lodices
1287 2991 1392 3046 habent

236 3065 333 3119 lemma
350 3059 422 3120 ἔνθα
439 3070 593 3136 γηγενοῦς1,
613 3066 708 3122 deinde
722 3065 846 3142 Ἷσχενας
862 3074 946 3145 γίγας
963 3072 1077 3147 ἐγένετο
1089 3081 1159 3142 κτλ,
1177 3077 1255 3146 quasi
1273 3081 1301 3132 ot
1319 3071 1393 3146 patri

237 3154 265 3203 et
281 3148 338 3204 filio
356 3149 427 3203 idem
445 3148 543 3204 fuisset
560 3166 666 3207 nomen.
695 3153 747 3208 Sed
765 3156 817 3211 hoc
835 3160 915 3214 credo
928 3161 1103 3215 scholiastcm
1115 3161 1203 3230 aliquo
1222 3168 1297 3218 certe
1309 3161 1391 3217 modo

238 3234 430 3289 adnotaturum
448 3235 540 3302 luisse,
558 3236 632 3292 velut
649 3235 777 3307 τοῦνομα
795 3245 844 3298 καί
863 3234 949 3311 οὗτος
962 3241 1097 3318 Ἴσχανας,
1115 3263 1166 3302 nec
1183 3248 1323 3317 intellego,
1343 3257 1392 3300 cur

239 3318 360 3384 Taetaes,
379 3335 425 3387 qur
416 3318 550 3374 'haditos
563 3325 771 3379 commentarios
790 3330 933 3396 ampliarit,
952 3333 1038 3400 patris
1056 3332 1127 3387 idem
1145 3348 1242 3388 nomen
1261 3331 1391 3389 omiserit.

196 3470 200 3484 .
239 3403 331 3458 Etiam
348 3403 522 3471 paraphrasis
539 3405 675 3473 antiquior
692 3410 779 3476 patris
797 3427 894 3468 nomen
911 3417 997 3483 tacet3
1016 3411 1152 3488 ,Ἰσχενας
1169 3417 1199 3474 os'
1216 3415 1277 3475 ἐστι
1288 3421 1391 3488 Γίγαν·

241 3508 292 3554 τας
308 3483 370 3554 υιὸς
388 3480 448 3544 άπὸ
467 3491 519 3546 τοῦ
533 3482 638 3561 Ἑρμοῦ
654 3495 703 3547 καί
721 3498 770 3565 τῆς
783 3490 923 3568 Ιερείας.κ

328 3594 354 3655 2)
371 3589 442 3644 Huic
459 3589 575 3644 Tzetzae
592 3592 733 3661 scholium,
751 3599 824 3664 quod
841 3615 883 3654 me
900 3600 1046 3654 allaturum
1063 3616 1147 3671 supra
1169 3604 1293 3672 promisi,
1319 3617 1390 3658 com-

242 3676 355 3744 parandi
373 3689 456 3728 causa
473 3689 616 3744 apponam,
635 3679 699 3746 quia
716 3685 875 3748 quomodo
867 3702 890 3739 rs
908 3684 1043 3740 veteribus
1060 3688 1171 3742 scholiis
1189 3705 1255 3744 usus
1274 3691 1322 3754 sit,
1339 3689 1391 3742 hoc

242 3761 366 3829 exemplo
390 3759 490 3829 optime
511 3764 578 3829 puto
606 3759 797 3819 demonstrari.
827 3770 977 3840 Γηγενοῦς]
1005 3789 1057 3827 τον
1079 3773 1230 3844 Γίγαντας.
1266 3770 1392 3847 Ἑρμοῦ

243 3850 302 3900 καί
314 3840 457 3916 Ιερείας
474 3839 551 3911 υίὸς
569 3847 687 3918 Γίγας.
724 3851 902 3922 Γίγαντας
919 3853 954 3910 δὲ
971 3849 1068 3920 υίὸς”
1063 3862 1216 3928 Ισχενας
1251 3863 1345 3929 Λιμοῦ
1362 3854 1391 3913 δὲ

244 3925 402 4001 γεγονότας
418 3924 506 4000 ἐδόθη
521 3927 665 4004 χρησμός,
686 3953 724 4002 μη
743 3929 780 3991 dv
797 3931 890 4002 άλλως
907 3941 1026 4009 λυθῆναι
1047 3937 1100 3998 τὸν
1117 3940 1214 4012 λιμόν,
1237 3943 1310 4001 εί
1278 3966 1317 4016 μη
1334 3945 1393 4001 τῶν

245 4008 369 4088 εὐγενῶν
386 4017 460 4085 ταθῇ
477 4033 526 4079 τις.
555 4011 676 4073 Πάντων
694 4020 801 4075 τοίνυν
795 4015 1017 4096 ἀπορουμένων
1028 4023 1164 4099 ἐθίλησεν
1182 4023 1333 4100 άἾαχενος
1349 4047 1392 4086 τυ·
