3088 4774
260 290 300 348 56
654 290 688 343 Δ.
716 288 767 344 DE
784 287 1020 346 stromateus.

260 481 332 530 esse
353 483 417 529 non
438 469 497 547 cst,
520 461 608 546 quod
629 462 765 528 mireris.
808 461 905 528 Telis
927 462 1012 528 enim
1040 462 1206 546 regionem
1227 462 1321 534 illum
1342 481 1427 546 pes·

259 584 423 644 ramesse
450 566 652 632 notissimum
674 570 732 630 est.
776 563 927 638 Fortasse
954 564 1060 640 stadio
1089 563 1321 648 hippodromus
1350 571 1427 630 lum

258 665 385 734 vicinus
406 673 491 750 eret,
521 672 557 736 ut
578 665 664 732 idem
685 683 802 748 agger,
832 664 940 748 quoad
963 666 1094 749 quidem
1116 665 1214 732 studii
1235 667 1323 730 letus
1344 685 1424 748 per·

258 768 391 851 tineret,
420 774 453 833 et
473 766 571 836 sudii
592 767 769 832 certamine
790 787 811 832 α
831 767 1037 834 meridionali
1063 768 1167 834 lutere
1193 767 1423 850 spectantibus
1523 813 1524 818 η

260 875 292 934 et
313 867 518 952 hippodromi
531 889 553 934 e
566 869 820 952 septemtrionali
842 869 936 936 sedes
958 871 1139 953 praeberet,
1162 871 1214 936 cui
1235 869 1424 935 sententiae

259 975 345 1036 certe
367 971 506 1036 auctoris
529 971 631 1035 verbe
651 972 772 1053 optime
794 973 988 1038 conveniunt
1009 974 1091 1050 (10):
1116 964 1365 1054 ,ὑπερβαλόντι
1380 968 1420 1033 δὲ

259 1069 294 1136 ἐκ
314 1072 375 1136 τοῦ
397 1067 552 1150 eradico,
581 1069 707 1136 καθότι
736 1069 769 1136 οἱ
787 1064 1014 1141 Ἑλλανοδίκαι
1025 1074 1050 1154 ¹)
1079 1069 1297 1150 καθέζονται,
1328 1069 1418 1136 κατὰ

257 1175 357 1238 τοῦτο
385 1177 508 1257 χωρίον
539 1167 572 1248 ἒς
602 1173 669 1236 τῶν
698 1169 818 1238 ἵντντων
846 1165 1019 1256 ἀνειμένον
1046 1172 1126 1251 τοὺς
1148 1171 1294 1257 δρόμους
1313 1169 1415 1260 καὶὴ

258 1269 381 1361 ἄφεσίς
409 1270 480 1340 ἐστι
509 1275 575 1336 τῶν
603 1271 753 1338 ἵαττων.“
799 1275 949 1346 Fortasse
978 1277 1066 1344 dieo:
1099 1298 1175 1342 nom
1202 1278 1344 1343 certiora
1373 1277 1418 1343 de

258 1377 320 1445 heo
341 1397 376 1444 re
398 1397 462 1443 non
483 1381 558 1441 ante
580 1376 822 1461 comperiemus,
845 1399 942 1462 quam
963 1379 1094 1446 fossoris
1116 1380 1194 1462 pala
1215 1380 1315 1444 etiem
1328 1379 1418 1446 ultra

257 1479 398 1546 stadium
420 1479 533 1544 limum
554 1479 736 1544 tentaverit.

342 1579 436 1646 Duae
459 1586 550 1645 erant
571 1580 604 1644 in
626 1599 727 1645 arena
748 1578 952 1664 hippodromi
974 1588 1120 1648 metue:
1142 1603 1217 1648 nom
1240 1601 1314 1648 cum
1328 1583 1416 1648 Pau·

257 1681 366 1747 sanies
388 1680 430 1747 de
452 1702 517 1748 nne
538 1687 661 1748 tantum
684 1679 773 1747 dicat
786 1685 849 1767 (20,
868 1686 921 1747 19:
946 1678 1004 1748 ἐπὶ
1027 1680 1063 1748 δὲ
1087 1680 1207 1770 νύσσης
1228 1685 1311 1766 μιᾶς
1332 1685 1413 1762 κτλ,

257 1803 355 1866 qnam
384 1783 569 1850 interiorem
590 1784 634 1850 Μι
667 1783 767 1850 fuisse
797 1804 907 1851 omnes
935 1786 1163 1868 consentiunt),
1194 1806 1235 1851 ex
1256 1787 1328 1868 ipso
1352 1785 1414 1854 hoc

255 1885 385 1951 nomine
412 1886 570 1951 numerali
599 1885 679 1967 μιᾶς
707 1885 843 1952 alteram
871 1906 998 1970 quoque
1021 1887 1065 1954 Mn
1091 1887 1234 1954 adfuisse
1264 1889 1412 1956 conicere

257 1986 421 2054 debemus.
456 1988 544 2053 Inter
565 2007 646 2070 quas
668 1993 771 2055 metus
793 1996 897 2054 utrum
919 1989 1053 2071 spina,
1076 1995 1111 2055 ut
1132 1991 1166 2055 in
1185 1990 1278 2056 circis
1294 1991 1411 2058 Rome·

255 2091 315 2170 nis,
332 2095 494 2156 emuncta
508 2090 605 2158 fuerit
618 2108 729 2172 necne,
746 2090 861 2156 silente
875 2098 1005 2158 auctore
1020 2111 1072 2157 res
1087 2098 1137 2157 est
1151 2093 1266 2157 iterum
1281 2092 1410 2158 iterum-

256 2211 318 2273 que
341 2189 519 2275 disputute:
551 2192 702 2274 equidem
722 2210 781 2273 pro
810 2199 896 2258 certo
919 2190 1023 2259 habeo
1053 2212 1108 2258 eas
1131 2193 1184 2259 vel
1214 2212 1335 2276 aggere
1356 2196 1412 2260 vel

254 2294 361 2375 potins
383 2313 473 2360 muro
496 2294 562 2359 lcvi
584 2295 667 2360 inter
688 2312 724 2360 se
742 2293 926 2359 coniunctas
940 2293 1050 2377 fuisse,
1072 2313 1114 2360 ne
1129 2296 1204 2377 equi
1219 2295 1410 2362 ferocientes
1530 2283 1531 2298 ¹

253 2394 410 2477 regimine
441 2413 576 2462 excusso
603 2413 662 2476 per
691 2401 908 2460 transversam
934 2414 1068 2460 arenam
1095 2396 1169 2462 eliis
1202 2397 1333 2464 obviam
1359 2398 1411 2462 rui
1530 2377 1531 2406 ¹

253 2514 338 2561 neve
361 2495 401 2577 ei,
424 2495 481 2577 qui
502 2495 536 2558 in
557 2495 686 2560 sinistro
709 2513 807 2560 cornu
828 2496 1011 2578 certabant,
1034 2517 1055 2561 a
1077 2495 1193 2564 dextra
1213 2498 1255 2563 ad
1279 2500 1410 2566 laevam

254 2594 383 2663 extrudi
405 2599 546 2677 possent.
582 2593 781 2660 Lehndorifii
798 2597 990 2664 sententiam
1004 2600 1168 2670 columnas
1182 2600 1311 2678 funibus
1326 2603 1411 2668 inter

254 2718 290 2765 se
318 2699 502 2764 coniunctas
530 2715 588 2780 pro
617 2698 711 2779 spine
735 2697 883 2780 ponentis
910 2701 954 2782 (p.
978 2701 1030 2778 36)
1059 2700 1179 2768 idcirco
1207 2721 1269 2769 non
1296 2703 1410 2786 probo,

254 2800 331 2882 quia
352 2805 428 2866 tnnc
450 2798 582 2866 modioli
598 2809 746 2866 curruum
761 2818 803 2865 ne
818 2801 973 2868 columnis
996 2801 1205 2885 illiderentur,
1228 2805 1409 2886 periculum

254 2906 337 2967 erut:
359 2900 443 2970 tales
464 2906 572 2966 eutem
593 2900 749 2968 illisiones
770 2921 833 2968 non
855 2902 918 2970 nisi
940 2902 983 2969 od
997 2910 1100 2971 metes
1115 2904 1217 2970 factes
1236 2924 1308 2974 esse
1322 2926 1409 2972 com·

253 3003 404 3087 perimus.
456 3003 657 3088 Quamquam
686 3005 829 3087 spinam,
862 3006 932 3070 sive
960 3024 1061 3088 agger
1094 3006 1164 3072 sive
1196 3026 1304 3073 murus
1336 3008 1407 3091 fnit,

254 3106 409 3172 columnis
431 3107 600 3189 impositis,
622 3111 657 3171 nt
670 3106 704 3170 in
722 3107 815 3172 circis
830 3107 994 3191 Romanis,
1017 3116 1162 3176 ornatam
1177 3127 1247 3175 esse
1262 3111 1408 3193 potuisse

252 3228 315 3274 non
336 3227 435 3291 nego:
458 3207 519 3274 hoc
541 3207 671 3274 demum
690 3227 839 3275 vesorum
862 3209 1062 3291 quorundam
1084 3211 1242 3294 imagines
1257 3211 1408 3278 videntur

252 3310 407 3377 indicere.

341 3530 364 3593 l)
381 3525 417 3580 Hi
434 3526 462 3579 in
479 3525 656 3595 hippodromo
674 3522 793 3581 fortasse
808 3527 838 3580 in
861 3525 922 3596 ipss
944 3531 1016 3580 mete
1033 3525 1161 3580 interiore
1183 3529 1224 3583 vel
1241 3546 1328 3600 prope
1346 3545 1404 3586 eam

251 3611 281 3666 in
307 3613 386 3681 spine
412 3611 536 3666 sedentes
563 3610 656 3664 oculos
682 3609 717 3664 ud
744 3611 895 3664 columnam
921 3611 973 3674 (vel
1000 3613 1111 3674 cretum)
1137 3612 1250 3679 margini
1276 3615 1403 3670 sinistrae

253 3700 349 3751 contre
361 3694 515 3764 oppositum
531 3687 777 3763 (stegerpfosten’)
795 3694 960 3762 derigebant.
990 3693 1060 3748 Nem
1077 3694 1180 3750 iudicer
1199 3700 1359 3766 certaminis,
1380 3701 1403 3754 si

250 3780 280 3834 in
303 3779 411 3835 sinistro
435 3781 555 3849 margine
571 3779 597 3833 Y
621 3780 711 3834 sedem
730 3781 880 3845 habebunt,
904 3793 954 3848 per
976 3779 1086 3834 nimium
1103 3781 1221 3851 spatium
1238 3781 1301 3838 YMr
1324 3799 1401 3854 spec·

251 3867 312 3918 tsre
329 3864 477 3930 debebunt,
500 3880 581 3934 quem
603 3869 635 3918 ut
651 3864 751 3919 subtile
772 3863 900 3920 iudicium
917 3864 1008 3925 ferme
1030 3873 1156 3935 possent,
1183 3867 1246 3935 quis
1264 3869 1404 3935 agonistm

252 3950 421 4006 decertantes
438 3949 534 4018 procul
551 3964 569 4004 u
586 3949 695 4004 sinistro
714 3950 833 4018 margine
851 3955 960 4019 praeter
977 3949 1082 4022 spiusm
1094 3957 1122 4004 et
1136 3956 1234 4005 metum
1246 3952 1403 4008 brevissime

252 4035 295 4092 viu
313 4034 469 4090 comebant
