3088 4774
570 1151 773 1226 'We

213 1353 354 1438 Geising,
371 1355 560 1438 oppidulum
576 1356 609 1420 iu
624 1354 805 1420 stanniferis
822 1353 984 1421 Saxoniae
1000 1357 1159 1424 montibus
1174 1377 1283 1424 reeon-

132 1455 250 1539 ditum,
281 1477 333 1524 me
355 1457 534 1522 Heinonem
556 1455 728 1522 Ricardum
751 1457 964 1521 Ervinum
988 1456 1189 1524 Pollaok
1211 1461 1284 1526 tulit

130 1577 159 1622 a.
176 1556 207 1622 d.
225 1559 261 1623 V.
277 1558 323 1623 Id.
339 1559 422 1624 Nov.
438 1559 513 1624 anui
529 1557 559 1622 h.
577 1579 601 1624 s.
617 1557 733 1622 LXIII.
756 1564 847 1640 patre
869 1564 978 1624 natum
1002 1559 1151 1644 Ernesto,
1180 1568 1282 1628 matre

128 1659 271 1727 Aemilia
292 1661 334 1726 de
356 1668 451 1745 geute
472 1662 708 1726 Muellerorum.
751 1659 831 1726 Inde
859 1661 915 1726 ubi
936 1660 1014 1726 fidei
1040 1660 1187 1728 addiotus
1211 1683 1281 1728 sum

128 1761 271 1846 Lutheri,
293 1784 364 1830 oum
388 1763 529 1830 nondum
544 1764 581 1828 V.
605 1783 720 1828 anuum
741 1781 881 1845 agerem,
904 1762 1157 1845 paterfamilias
1179 1765 1281 1831 domi·

128 1865 239 1930 uilium
253 1865 567 1949 Dippoldiswaldam
583 1866 752 1948 transtulit,
775 1864 830 1930 ubi
844 1884 929 1930 nuno
947 1883 1073 1946 quoque
1088 1866 1280 1934 medicinam

128 1974 266 2034 exercet.
295 1969 348 2033 ‘In
371 1968 465 2034 buius
487 1987 592 2034 novae
619 1968 743 2050 patriae
771 1966 848 2031 ludo
877 1967 978 2031 literis
1008 1967 1225 2035 elementariis
1248 1977 1280 2035 et

126 2069 250 2136 oaloulo
278 2090 379 2153 usque
408 2069 449 2135 ad
473 2070 530 2134 XI.
553 2090 672 2135 annum
700 2069 838 2134 imbutus
862 2067 1007 2134 Dresdae
1033 2069 1143 2135 matris
1165 2089 1277 2152 paren·
1348 2065 1350 2070 ’

124 2170 205 2234 tium
237 2173 356 2237 tutelae
389 2172 524 2237 traditus
558 2192 627 2237 sum
662 2169 862 2251 Gelineokii,
898 2171 1116 2253 praeceptoris
1149 2173 1277 2253 privati,

124 2269 270 2338 scholam
292 2294 350 2357 per
371 2275 404 2339 II
424 2295 535 2357 annos,
559 2273 677 2340 deinde
698 2292 757 2356 per
778 2291 895 2338 aunum
912 2271 1124 2354 Gymnasium
1139 2273 1277 2355 Regium

68 2364 71 2370 ’
124 2380 248 2440 restore
269 2375 397 2459 Ilbergo
428 2383 599 2459 quartanus
628 2377 894 2459 frequentaturos.
939 2375 1018 2440 Post
1047 2379 1094 2438 tot
1120 2375 1276 2456 ambages

123 2483 276 2559 tauquam
299 2480 331 2544 iu
353 2484 479 2562 portum
503 2481 588 2563 veni,
610 2500 682 2546 eum
698 2499 781 2544 auno
805 2477 836 2542 h.
851 2498 877 2543 s.
893 2476 1073 2541 LXXVIII.
1097 2477 1129 2540 in
1153 2478 1276 2543 illustre

122 2578 209 2660 apud
239 2579 383 2647 (trimam
410 2582 598 2648 Moldauum
625 2582 799 2664 reoiperer,
831 2581 919 2646 ouius
947 2598 1005 2662 per
1027 2578 1072 2643 VI
1097 2599 1212 2662 annos,
1240 2585 1276 2644 ut

122 2683 239 2764 solent,
265 2691 389 2752 rectore
411 2685 685 2768 praestantissimo
708 2682 847 2747 Aemilio
869 2682 1025 2748 Muellero
1047 2681 1093 2745 fui
1115 2682 1272 2748 alumnus.

122 2781 256 2867 Semper
279 2787 352 2868 tibi,
376 2787 473 2850 Alma
493 2786 611 2867 Mater,
633 2786 721 2867 piam
746 2789 935 2866 gratamque
958 2783 1095 2848 servabo
1117 2784 1273 2849 animam!

120 2884 313 2952 Maturitatis
347 2887 563 2953 testimonium
594 2883 743 2969 praeside
777 2884 895 2951 Ottone
922 2884 1102 2950 Ribbeokio
1135 2884 1272 2968 adeptus

120 2987 263 3071 Lipsiam
285 3008 337 3054 me
360 2989 489 3054 oontuli.
523 2989 584 3053 Hio
598 2993 767 3070 postquam
788 2988 881 3052 unius
896 2986 970 3052 anni
986 2985 1149 3069 stipendia
1169 2988 1272 3053 merui

119 3092 283 3172 superiore
306 3090 418 3157 ordine
435 3088 594 3172 dignatus,
616 3094 716 3154 totum
732 3107 783 3153 me
798 3087 997 3171 philologiae
1016 3087 1102 3153 dedi.
1136 3086 1271 3155 Soholas

118 3190 186 3255 adii
208 3193 349 3260 virorum
372 3193 657 3258 illustrissimorum
679 3191 720 3256 de
742 3189 900 3272 Bahderi,
931 3189 1048 3272 Curtii,
1074 3188 1269 3272 Drobisehii,

97 3289 257 3374 ‘Friokii,
280 3292 533 3376 Gardthauseni,
563 3293 706 3376 Heinzii,
728 3294 873 3377 Lipsius,
902 3290 1091 3373 Ribbeokii,
1114 3291 1268 3370 Riohteri,

118 3391 248 3475 Rohdii,
271 3393 464 3478 Sohreiberi,
488 3395 619 3479 Voigtii,
635 3393 879 3476 Waohsmuthii,
895 3392 1097 3474 Windisohii,
1114 3393 1267 3476 Wundtii,

117 3492 152 3556 F.
176 3493 337 3561 Zamekii.

203 3597 429 3664 Proseminarii
460 3619 518 3683 per
540 3601 602 3666 tria
630 3600 797 3666 semestria
825 3599 934 3664 exstiti
956 3598 1078 3664 sodalis
1100 3597 1265 3663 moderan-

116 3696 200 3762 tibus
224 3697 352 3782 Grusio,
376 3701 634 3787 Waohsmuthio,
656 3701 799 3784 Robdio,
822 3700 966 3783 Lipsius,
989 3701 1185 3783 Hanssenio,
1215 3702 1266 3766 eui

116 3798 266 3881 senioris,
294 3809 329 3865 ut
350 3801 452 3886 aiunt,
481 3824 612 3871 munere
634 3805 759 3872 Iunotus
781 3823 868 3884 sum,
897 3801 1070 3868 Seminarii
1092 3802 1186 3885 Regii
1208 3821 1266 3885 per

115 3899 248 3966 totidem
275 3904 443 3968 semestria
469 3905 613 3989 Lipsius,
641 3906 837 3989 Ribbeeki0,
862 3902 1105 3971 Waohsmuthio
1132 3905 1264 3970 alternis

112 4002 324 4084 mm.
