<?xml version="1.0" encoding="UTF-8"?>
<!DOCTYPE html PUBLIC "-//W3C//DTD XHTML 1.0 Transitional//EN"
    "http://www.w3.org/TR/xhtml1/DTD/xhtml1-transitional.dtd">
<html xmlns="http://www.w3.org/1999/xhtml" xml:lang="en" lang="en">
 <head>
  <title>
</title>
<meta http-equiv="Content-Type" content="text/html;charset=utf-8" />
  <meta name='ocr-system' content='tesseract 3.04.00' />
  <meta name='ocr-capabilities' content='ocr_page ocr_carea ocr_par ocr_line ocrx_word'/>
</head>
<body>
  <div class='ocr_page' id='page_1' title='image "./hippodromica01pollgoog_0039.png"; bbox 0 0 3096 4766; ppageno 0'>
   <div class='ocr_carea' id='block_1_1' title="bbox 349 315 1285 391">
    <p class='ocr_par' dir='ltr' id='par_1_1' title="bbox 349 315 1285 391">
     <span class='ocr_line' id='line_1_1' title="bbox 349 315 1285 391; baseline -0.002 -13"><span class='ocrx_word' id='word_1_1' title='bbox 349 324 380 379; x_wconf 82' lang='grc'>0.</span> <span class='ocrx_word' id='word_1_2' title='bbox 407 320 457 376; x_wconf 83' lang='lat' dir='ltr'>DE</span> <span class='ocrx_word' id='word_1_3' title='bbox 476 321 602 391; x_wconf 75' lang='lat' dir='ltr'>qurum</span> <span class='ocrx_word' id='word_1_4' title='bbox 620 320 809 376; x_wconf 82' lang='lat' dir='ltr'><strong>SMYRNAEI</strong></span> <span class='ocrx_word' id='word_1_5' title='bbox 827 320 1076 376; x_wconf 84' lang='lat' dir='ltr'><strong>HIPPODROMO.</strong></span> <span class='ocrx_word' id='word_1_6' title='bbox 1161 315 1163 322; x_wconf 75' lang='grc'><strong>’</strong></span> <span class='ocrx_word' id='word_1_7' title='bbox 1245 319 1285 376; x_wconf 87' lang='grc'>29</span> 
     </span>
    </p>
   </div>
   <div class='ocr_carea' id='block_1_2' title="bbox 135 493 1290 2887">
    <p class='ocr_par' dir='ltr' id='par_1_2' title="bbox 135 493 1286 1087">
     <span class='ocr_line' id='line_1_2' title="bbox 222 493 1285 580; baseline -0.006 -17"><span class='ocrx_word' id='word_1_8' title='bbox 222 499 295 563; x_wconf 86' lang='lat' dir='ltr'>Non</span> <span class='ocrx_word' id='word_1_9' title='bbox 323 516 452 580; x_wconf 90' lang='lat' dir='ltr'>possum</span> <span class='ocrx_word' id='word_1_10' title='bbox 482 497 613 562; x_wconf 87' lang='lat' dir='ltr'>credere</span> <span class='ocrx_word' id='word_1_11' title='bbox 641 496 856 578; x_wconf 89' lang='lat' dir='ltr'>sortitionem,</span> <span class='ocrx_word' id='word_1_12' title='bbox 886 501 994 578; x_wconf 81' lang='lat' dir='ltr'><strong>utpote</strong></span> <span class='ocrx_word' id='word_1_13' title='bbox 1024 513 1106 576; x_wconf 90' lang='lat' dir='ltr'>quae</span> <span class='ocrx_word' id='word_1_14' title='bbox 1128 513 1149 558; x_wconf 93' lang='lat' dir='ltr'>a</span> <span class='ocrx_word' id='word_1_15' title='bbox 1171 493 1285 560; x_wconf 91' lang='lat' dir='ltr'>ceteris</span> 
     </span>
     <span class='ocr_line' id='line_1_3' title="bbox 135 596 1285 683; baseline -0.007 -16"><span class='ocrx_word' id='word_1_16' title='bbox 135 619 265 683; x_wconf 89' lang='lat' dir='ltr'>semper</span> <span class='ocrx_word' id='word_1_17' title='bbox 294 605 487 664; x_wconf 84' lang='lat' dir='ltr'><strong>memoretur</strong></span> <span class='ocrx_word' id='word_1_18' title='bbox 515 602 558 680; x_wconf 79' lang='lat' dir='ltr'>tp.</span> <span class='ocrx_word' id='word_1_19' title='bbox 577 603 615 663; x_wconf 99' lang='grc'>15</span> <span class='ocrx_word' id='word_1_20' title='bbox 628 601 704 681; x_wconf 86' lang='lat' dir='ltr'>sq),</span> <span class='ocrx_word' id='word_1_21' title='bbox 734 596 895 674; x_wconf 81' lang='lat' dir='ltr'>aQuinto</span> <span class='ocrx_word' id='word_1_22' title='bbox 924 597 1051 663; x_wconf 90' lang='lat' dir='ltr'>silentio</span> <span class='ocrx_word' id='word_1_23' title='bbox 1080 596 1285 678; x_wconf 89' lang='lat' dir='ltr'>praeteritam</span> 
     </span>
     <span class='ocr_line' id='line_1_4' title="bbox 135 697 1286 784; baseline -0.006 -15"><span class='ocrx_word' id='word_1_24' title='bbox 135 722 224 784; x_wconf 93' lang='lat' dir='ltr'>esse,</span> <span class='ocrx_word' id='word_1_25' title='bbox 255 701 311 766; x_wconf 89' lang='lat' dir='ltr'>sed</span> <span class='ocrx_word' id='word_1_26' title='bbox 340 700 534 765; x_wconf 83' lang='lat' dir='ltr'>mentionem</span> <span class='ocrx_word' id='word_1_27' title='bbox 562 701 631 766; x_wconf 89' lang='lat' dir='ltr'>eius</span> <span class='ocrx_word' id='word_1_28' title='bbox 658 701 691 764; x_wconf 95' lang='lat' dir='ltr'>in</span> <span class='ocrx_word' id='word_1_29' title='bbox 714 721 744 764; x_wconf 89' lang='lat' dir='ltr'>v.</span> <span class='ocrx_word' id='word_1_30' title='bbox 768 702 829 765; x_wconf 84' lang='lat'>506</span> <span class='ocrx_word' id='word_1_31' title='bbox 858 699 1075 782; x_wconf 81' lang='lat' dir='ltr'><strong>compluribus</strong></span> <span class='ocrx_word' id='word_1_32' title='bbox 1098 697 1286 779; x_wconf 79' lang='lat' dir='ltr'>corruptelis</span> 
     </span>
     <span class='ocr_line' id='line_1_5' title="bbox 137 800 1286 883; baseline -0.005 -14"><span class='ocrx_word' id='word_1_33' title='bbox 137 802 279 869; x_wconf 83' lang='lat' dir='ltr'>obnoxio</span> <span class='ocrx_word' id='word_1_34' title='bbox 302 803 402 866; x_wconf 85' lang='lat' dir='ltr'>latere</span> <span class='ocrx_word' id='word_1_35' title='bbox 425 802 558 866; x_wconf 89' lang='lat' dir='ltr'>conicio.</span> <span class='ocrx_word' id='word_1_36' title='bbox 604 802 640 866; x_wconf 93' lang='lat' dir='ltr'>In</span> <span class='ocrx_word' id='word_1_37' title='bbox 663 821 725 883; x_wconf 94' lang='lat' dir='ltr'>quo</span> <span class='ocrx_word' id='word_1_38' title='bbox 748 820 844 868; x_wconf 84' lang='lat' dir='ltr'>versu</span> <span class='ocrx_word' id='word_1_39' title='bbox 866 800 1067 868; x_wconf 89' lang='lat' dir='ltr'>emendando</span> <span class='ocrx_word' id='word_1_40' title='bbox 1090 805 1286 882; x_wconf 85' lang='lat' dir='ltr'>quantopere</span> 
     </span>
     <span class='ocr_line' id='line_1_6' title="bbox 135 900 1286 987; baseline -0.005 -16"><span class='ocrx_word' id='word_1_41' title='bbox 135 905 200 971; x_wconf 83' lang='lat' dir='ltr'>viri</span> <span class='ocrx_word' id='word_1_42' title='bbox 232 903 317 969; x_wconf 89' lang='lat' dir='ltr'>docti</span> <span class='ocrx_word' id='word_1_43' title='bbox 344 903 507 985; x_wconf 85' lang='lat' dir='ltr'>ingenium</span> <span class='ocrx_word' id='word_1_44' title='bbox 530 905 745 987; x_wconf 85' lang='lat' dir='ltr'>exercuerint,</span> <span class='ocrx_word' id='word_1_45' title='bbox 779 904 874 970; x_wconf 87' lang='lat' dir='ltr'>facile</span> <span class='ocrx_word' id='word_1_46' title='bbox 903 923 944 968; x_wconf 83' lang='lat' dir='ltr'>ex</span> <span class='ocrx_word' id='word_1_47' title='bbox 972 903 1109 968; x_wconf 82' lang='lat' dir='ltr'>Arminii</span> <span class='ocrx_word' id='word_1_48' title='bbox 1138 900 1286 984; x_wconf 80' lang='lat' dir='ltr'>Koechly</span> 
     </span>
     <span class='ocr_line' id='line_1_7' title="bbox 137 1004 1111 1087; baseline -0.003 -15"><span class='ocrx_word' id='word_1_49' title='bbox 137 1005 368 1072; x_wconf 89' lang='lat' dir='ltr'>commentario</span> <span class='ocrx_word' id='word_1_50' title='bbox 390 1023 575 1087; x_wconf 78' lang='lat' dir='ltr'>cognosces.</span> <span class='ocrx_word' id='word_1_51' title='bbox 620 1004 757 1071; x_wconf 81' lang='lat' dir='ltr'>(lodices</span> <span class='ocrx_word' id='word_1_52' title='bbox 779 1005 826 1071; x_wconf 94' lang='lat' dir='ltr'>sic</span> <span class='ocrx_word' id='word_1_53' title='bbox 848 1025 921 1071; x_wconf 89' lang='lat' dir='ltr'>eum</span> <span class='ocrx_word' id='word_1_54' title='bbox 943 1005 1111 1072; x_wconf 82' lang='lat' dir='ltr'>exhibent:</span> 
     </span>
    </p>

    <p class='ocr_par' dir='ltr' id='par_1_3' title="bbox 223 1111 1202 1209">
     <span class='ocr_line' id='line_1_8' title="bbox 223 1111 1202 1209; baseline -0.001 -23"><span class='ocrx_word' id='word_1_55' title='bbox 223 1117 312 1204; x_wconf 85' lang='grc' dir='ltr'><em>αίψα</em></span> <span class='ocrx_word' id='word_1_56' title='bbox 335 1114 366 1186; x_wconf 76' lang='grc' dir='ltr'>δ’</span> <span class='ocrx_word' id='word_1_57' title='bbox 393 1111 447 1208; x_wconf 64' lang='grc' dir='ltr'>ἆρ’</span> <span class='ocrx_word' id='word_1_58' title='bbox 470 1121 518 1199; x_wconf 84' lang='grc' dir='ltr'>εἰς</span> <span class='ocrx_word' id='word_1_59' title='bbox 537 1125 645 1204; x_wconf 80' lang='grc' dir='ltr'><em>χῶρον</em></span> <span class='ocrx_word' id='word_1_60' title='bbox 668 1120 801 1198; x_wconf 83' lang='grc' dir='ltr'><strong><em>ξύνισαν</em></strong></span> <span class='ocrx_word' id='word_1_61' title='bbox 823 1115 970 1206; x_wconf 70' lang='grc' dir='ltr'>βεβαιῦσ’</span> <span class='ocrx_word' id='word_1_62' title='bbox 996 1121 1044 1188; x_wconf 77' lang='grc' dir='ltr'>ἐνὶ</span> <span class='ocrx_word' id='word_1_63' title='bbox 1068 1121 1202 1209; x_wconf 80' lang='grc' dir='ltr'><em>δίφροις</em></span> 
     </span>
    </p>

    <p class='ocr_par' dir='ltr' id='par_1_4' title="bbox 220 1216 626 1310">
     <span class='ocr_line' id='line_1_9' title="bbox 220 1216 626 1310; baseline 0 -23"><span class='ocrx_word' id='word_1_64' title='bbox 220 1227 326 1308; x_wconf 77' lang='grc' dir='ltr'><em>χῶρον</em></span> <span class='ocrx_word' id='word_1_65' title='bbox 349 1216 400 1288; x_wconf 76' lang='grc' dir='ltr'>ἄν’</span> <span class='ocrx_word' id='word_1_66' title='bbox 425 1217 626 1310; x_wconf 61' lang='grc' dir='ltr'><strong><em>ἠμαθόενί.</em></strong></span> 
     </span>
    </p>

    <p class='ocr_par' dir='ltr' id='par_1_5' title="bbox 135 1342 1290 2887">
     <span class='ocr_line' id='line_1_10' title="bbox 137 1342 1287 1428; baseline -0.002 -19"><span class='ocrx_word' id='word_1_67' title='bbox 137 1342 321 1410; x_wconf 78' lang='lat' dir='ltr'>Clausulam</span> <span class='ocrx_word' id='word_1_68' title='bbox 337 1364 448 1410; x_wconf 87' lang='lat' dir='ltr'>versus</span> <span class='ocrx_word' id='word_1_69' title='bbox 470 1345 658 1411; x_wconf 90' lang='lat' dir='ltr'>mendosam</span> <span class='ocrx_word' id='word_1_70' title='bbox 682 1365 752 1412; x_wconf 91' lang='lat' dir='ltr'>esse</span> <span class='ocrx_word' id='word_1_71' title='bbox 775 1345 808 1409; x_wconf 94' lang='lat' dir='ltr'>in</span> <span class='ocrx_word' id='word_1_72' title='bbox 825 1346 935 1427; x_wconf 86' lang='lat' dir='ltr'>aprico</span> <span class='ocrx_word' id='word_1_73' title='bbox 951 1350 999 1411; x_wconf 91' lang='lat' dir='ltr'>est</span> <span class='ocrx_word' id='word_1_74' title='bbox 1012 1351 1143 1428; x_wconf 90' lang='lat' dir='ltr'>propter</span> <span class='ocrx_word' id='word_1_75' title='bbox 1157 1343 1287 1409; x_wconf 89' lang='lat' dir='ltr'>dualem</span> 
     </span>
     <span class='ocr_line' id='line_1_11' title="bbox 137 1445 1288 1530; baseline 0.002 -20"><span class='ocrx_word' id='word_1_76' title='bbox 137 1445 179 1510; x_wconf 90' lang='lat' dir='ltr'>de</span> <span class='ocrx_word' id='word_1_77' title='bbox 202 1447 343 1529; x_wconf 90' lang='lat' dir='ltr'>quinque</span> <span class='ocrx_word' id='word_1_78' title='bbox 366 1447 486 1529; x_wconf 87' lang='lat' dir='ltr'>aurigis</span> <span class='ocrx_word' id='word_1_79' title='bbox 501 1449 666 1514; x_wconf 88' lang='lat' dir='ltr'>absonum.</span> <span class='ocrx_word' id='word_1_80' title='bbox 705 1448 863 1513; x_wconf 82' lang='lat' dir='ltr'>Assensus</span> <span class='ocrx_word' id='word_1_81' title='bbox 879 1447 936 1526; x_wconf 93' lang='lat' dir='ltr'>eis,</span> <span class='ocrx_word' id='word_1_82' title='bbox 959 1449 1015 1530; x_wconf 93' lang='lat' dir='ltr'>qui</span> <span class='ocrx_word' id='word_1_83' title='bbox 1030 1448 1200 1512; x_wconf 87' lang='lat' dir='ltr'>verborum</span> <span class='ocrx_word' id='word_1_84' title='bbox 1216 1447 1288 1512; x_wconf 89' lang='lat' dir='ltr'>loca</span> 
     </span>
     <span class='ocr_line' id='line_1_12' title="bbox 135 1547 1287 1634; baseline 0 -20"><span class='ocrx_word' id='word_1_85' title='bbox 135 1555 332 1631; x_wconf 84' lang='lat' dir='ltr'>permutant,</span> <span class='ocrx_word' id='word_1_86' title='bbox 362 1548 483 1614; x_wconf 90' lang='lat' dir='ltr'>scribo:</span> <span class='ocrx_word' id='word_1_87' title='bbox 513 1547 653 1634; x_wconf 79' lang='grc' dir='ltr'><em>δίφρους</em></span> <span class='ocrx_word' id='word_1_88' title='bbox 673 1549 852 1631; x_wconf 79' lang='grc' dir='ltr'><strong><em>βεβαῶτες.</em></strong></span> <span class='ocrx_word' id='word_1_89' title='bbox 895 1548 958 1614; x_wconf 89' lang='lat' dir='ltr'>Hic</span> <span class='ocrx_word' id='word_1_90' title='bbox 984 1549 1202 1633; x_wconf 84' lang='lat' dir='ltr'>accusativus,</span> <span class='ocrx_word' id='word_1_91' title='bbox 1232 1550 1287 1632; x_wconf 93' lang='lat' dir='ltr'>qui</span> 
     </span>
     <span class='ocr_line' id='line_1_13' title="bbox 136 1645 1287 1736; baseline -0.002 -20"><span class='ocrx_word' id='word_1_92' title='bbox 136 1651 309 1716; x_wconf 88' lang='lat' dir='ltr'>Homerico</span> <span class='ocrx_word' id='word_1_93' title='bbox 339 1653 487 1734; x_wconf 85' lang='lat' dir='ltr'>exemplo</span> <span class='ocrx_word' id='word_1_94' title='bbox 513 1653 624 1717; x_wconf 93' lang='lat' dir='ltr'>nititur</span> <span class='ocrx_word' id='word_1_95' title='bbox 646 1653 690 1729; x_wconf 92' lang='grc' dir='ltr'>(Γ</span> <span class='ocrx_word' id='word_1_96' title='bbox 707 1653 769 1716; x_wconf 80' lang='lat'>262</span> <span class='ocrx_word' id='word_1_97' title='bbox 793 1645 864 1732; x_wconf 80' lang='grc' dir='ltr'>πὰρ</span> <span class='ocrx_word' id='word_1_98' title='bbox 888 1646 924 1712; x_wconf 85' lang='grc' dir='ltr'>δέ</span> <span class='ocrx_word' id='word_1_99' title='bbox 947 1647 979 1712; x_wconf 82' lang='grc' dir='ltr'>σί</span> <span class='ocrx_word' id='word_1_100' title='bbox 1000 1646 1121 1732; x_wconf 77' lang='grc' dir='ltr'><em>βήσετο</em></span> <span class='ocrx_word' id='word_1_101' title='bbox 1145 1648 1287 1736; x_wconf 85' lang='grc' dir='ltr'>δίφρον),</span> 
     </span>
     <span class='ocr_line' id='line_1_14' title="bbox 136 1751 1287 1836; baseline -0.001 -18"><span class='ocrx_word' id='word_1_102' title='bbox 136 1773 178 1818; x_wconf 90' lang='lat' dir='ltr'>ne</span> <span class='ocrx_word' id='word_1_103' title='bbox 200 1774 221 1818; x_wconf 92' lang='lat' dir='ltr'>a</span> <span class='ocrx_word' id='word_1_104' title='bbox 242 1752 353 1830; x_wconf 82' lang='lat' dir='ltr'>Quinti</span> <span class='ocrx_word' id='word_1_105' title='bbox 379 1753 511 1835; x_wconf 91' lang='lat' dir='ltr'>quidem</span> <span class='ocrx_word' id='word_1_106' title='bbox 540 1755 680 1819; x_wconf 91' lang='lat' dir='ltr'>dictione</span> <span class='ocrx_word' id='word_1_107' title='bbox 709 1753 834 1817; x_wconf 90' lang='lat' dir='ltr'>alienus</span> <span class='ocrx_word' id='word_1_108' title='bbox 857 1751 1018 1835; x_wconf 83' lang='lat' dir='ltr'>(Koechly</span> <span class='ocrx_word' id='word_1_109' title='bbox 1039 1753 1131 1834; x_wconf 92' lang='lat' dir='ltr'>proll.</span> <span class='ocrx_word' id='word_1_110' title='bbox 1154 1773 1224 1836; x_wconf 86' lang='lat' dir='ltr'>cap.</span> <span class='ocrx_word' id='word_1_111' title='bbox 1246 1753 1287 1817; x_wconf 93' lang='lat' dir='ltr'>II.</span> 
     </span>
     <span class='ocr_line' id='line_1_15' title="bbox 138 1853 1288 1936; baseline 0.002 -19"><span class='ocrx_word' id='word_1_112' title='bbox 138 1857 157 1931; x_wconf 69' lang='grc' dir='ltr'><strong>ξ</strong></span> <span class='ocrx_word' id='word_1_113' title='bbox 175 1857 225 1918; x_wconf 87' lang='grc'>18.</span> <span class='ocrx_word' id='word_1_114' title='bbox 248 1855 302 1919; x_wconf 87' lang='lat' dir='ltr'>cfr.</span> <span class='ocrx_word' id='word_1_115' title='bbox 320 1854 418 1918; x_wconf 91' lang='lat' dir='ltr'>etiam</span> <span class='ocrx_word' id='word_1_116' title='bbox 433 1876 486 1920; x_wconf 86' lang='lat' dir='ltr'>vv.</span> <span class='ocrx_word' id='word_1_117' title='bbox 504 1858 575 1918; x_wconf 87' lang='grc'>518.</span> <span class='ocrx_word' id='word_1_118' title='bbox 592 1857 676 1935; x_wconf 87' lang='grc'>565),</span> <span class='ocrx_word' id='word_1_119' title='bbox 700 1853 787 1935; x_wconf 89' lang='lat' dir='ltr'>quod</span> <span class='ocrx_word' id='word_1_120' title='bbox 802 1853 904 1918; x_wconf 90' lang='lat' dir='ltr'>rarius</span> <span class='ocrx_word' id='word_1_121' title='bbox 927 1855 1073 1935; x_wconf 87' lang='lat' dir='ltr'>occurrit,</span> <span class='ocrx_word' id='word_1_122' title='bbox 1096 1855 1288 1936; x_wconf 87' lang='lat' dir='ltr'>glossemate</span> 
     </span>
     <span class='ocr_line' id='line_1_16' title="bbox 138 1955 1290 2038; baseline 0 -18"><span class='ocrx_word' id='word_1_123' title='bbox 138 1955 318 2038; x_wconf 87' lang='lat' dir='ltr'>explicatus</span> <span class='ocrx_word' id='word_1_124' title='bbox 348 1961 408 2020; x_wconf 88' lang='lat' dir='ltr'>est:</span> <span class='ocrx_word' id='word_1_125' title='bbox 446 1955 607 2037; x_wconf 89' lang='lat' dir='ltr'>glossema</span> <span class='ocrx_word' id='word_1_126' title='bbox 634 1961 742 2019; x_wconf 88' lang='lat' dir='ltr'>autem</span> <span class='ocrx_word' id='word_1_127' title='bbox 769 1956 803 2018; x_wconf 94' lang='lat' dir='ltr'>in</span> <span class='ocrx_word' id='word_1_128' title='bbox 837 1959 960 2019; x_wconf 85' lang='lat' dir='ltr'>textum</span> <span class='ocrx_word' id='word_1_129' title='bbox 989 1955 1125 2038; x_wconf 90' lang='lat' dir='ltr'>irrepsit.</span> <span class='ocrx_word' id='word_1_130' title='bbox 1177 1956 1290 2022; x_wconf 82' lang='lat' dir='ltr'>Oodex</span> 
     </span>
     <span class='ocr_line' id='line_1_17' title="bbox 139 2056 1290 2138; baseline 0 -16"><span class='ocrx_word' id='word_1_131' title='bbox 139 2059 225 2122; x_wconf 94' lang='lat' dir='ltr'>enim</span> <span class='ocrx_word' id='word_1_132' title='bbox 247 2056 448 2122; x_wconf 88' lang='lat' dir='ltr'>Monacensis</span> <span class='ocrx_word' id='word_1_133' title='bbox 477 2063 632 2138; x_wconf 87' lang='lat' dir='ltr'>perpetuo</span> <span class='ocrx_word' id='word_1_134' title='bbox 660 2056 840 2138; x_wconf 88' lang='lat' dir='ltr'>glossarum</span> <span class='ocrx_word' id='word_1_135' title='bbox 868 2063 1025 2138; x_wconf 85' lang='lat' dir='ltr'>apparatu</span> <span class='ocrx_word' id='word_1_136' title='bbox 1048 2064 1219 2124; x_wconf 85' lang='lat' dir='ltr'>exomatns</span> <span class='ocrx_word' id='word_1_137' title='bbox 1242 2066 1290 2124; x_wconf 90' lang='lat' dir='ltr'>est</span> 
     </span>
     <span class='ocr_line' id='line_1_18' title="bbox 139 2155 1290 2243; baseline 0.002 -21"><span class='ocrx_word' id='word_1_138' title='bbox 139 2156 301 2241; x_wconf 86' lang='lat' dir='ltr'>(Koechly</span> <span class='ocrx_word' id='word_1_139' title='bbox 323 2157 414 2240; x_wconf 92' lang='lat' dir='ltr'>proll.</span> <span class='ocrx_word' id='word_1_140' title='bbox 437 2177 468 2240; x_wconf 87' lang='lat' dir='ltr'>p.</span> <span class='ocrx_word' id='word_1_141' title='bbox 486 2155 565 2234; x_wconf 82' lang='lat'><em>011).</em></span> <span class='ocrx_word' id='word_1_142' title='bbox 609 2157 732 2239; x_wconf 80' lang='grc' dir='ltr'><em>Χῶρον</em></span> <span class='ocrx_word' id='word_1_143' title='bbox 754 2163 878 2239; x_wconf 88' lang='lat' dir='ltr'>autem,</span> <span class='ocrx_word' id='word_1_144' title='bbox 901 2157 988 2240; x_wconf 93' lang='lat' dir='ltr'>quod</span> <span class='ocrx_word' id='word_1_145' title='bbox 1010 2166 1190 2243; x_wconf 90' lang='lat' dir='ltr'>propterea,</span> <span class='ocrx_word' id='word_1_146' title='bbox 1214 2161 1290 2241; x_wconf 90' lang='lat' dir='ltr'>quia</span> 
     </span>
     <span class='ocr_line' id='line_1_19' title="bbox 141 2260 1290 2343; baseline 0 -17"><span class='ocrx_word' id='word_1_147' title='bbox 141 2261 227 2327; x_wconf 92' lang='lat' dir='ltr'>idem</span> <span class='ocrx_word' id='word_1_148' title='bbox 244 2261 376 2326; x_wconf 88' lang='lat' dir='ltr'>verbum</span> <span class='ocrx_word' id='word_1_149' title='bbox 399 2260 549 2326; x_wconf 90' lang='lat' dir='ltr'>contiuuo</span> <span class='ocrx_word' id='word_1_150' title='bbox 571 2261 713 2342; x_wconf 89' lang='lat' dir='ltr'>iteratur,</span> <span class='ocrx_word' id='word_1_151' title='bbox 736 2260 813 2325; x_wconf 87' lang='lat' dir='ltr'>ferri</span> <span class='ocrx_word' id='word_1_152' title='bbox 835 2261 955 2343; x_wconf 92' lang='lat' dir='ltr'>nequit,</span> <span class='ocrx_word' id='word_1_153' title='bbox 978 2260 1101 2325; x_wconf 86' lang='lat' dir='ltr'>librarii</span> <span class='ocrx_word' id='word_1_154' title='bbox 1123 2261 1217 2342; x_wconf 91' lang='lat' dir='ltr'>lapsu</span> <span class='ocrx_word' id='word_1_155' title='bbox 1230 2281 1290 2343; x_wconf 93' lang='lat' dir='ltr'>pro</span> 
     </span>
     <span class='ocr_line' id='line_1_20' title="bbox 139 2361 1191 2449; baseline 0 -22"><span class='ocrx_word' id='word_1_156' title='bbox 139 2363 258 2449; x_wconf 81' lang='grc' dir='ltr'><em>κλῆρον</em></span> <span class='ocrx_word' id='word_1_157' title='bbox 280 2363 432 2445; x_wconf 88' lang='lat' dir='ltr'>scriptum</span> <span class='ocrx_word' id='word_1_158' title='bbox 456 2380 528 2427; x_wconf 92' lang='lat' dir='ltr'>esse</span> <span class='ocrx_word' id='word_1_159' title='bbox 549 2361 656 2428; x_wconf 91' lang='lat' dir='ltr'>credo.</span> <span class='ocrx_word' id='word_1_160' title='bbox 701 2361 756 2429; x_wconf 86' lang='lat' dir='ltr'>Sic</span> <span class='ocrx_word' id='word_1_161' title='bbox 778 2361 875 2444; x_wconf 87' lang='lat' dir='ltr'>igitur</span> <span class='ocrx_word' id='word_1_162' title='bbox 896 2380 1024 2429; x_wconf 88' lang='lat' dir='ltr'>versum</span> <span class='ocrx_word' id='word_1_163' title='bbox 1045 2363 1191 2429; x_wconf 85' lang='lat' dir='ltr'>restituo:</span> 
     </span>
     <span class='ocr_line' id='line_1_21' title="bbox 247 2469 1180 2565; baseline 0 -21"><span class='ocrx_word' id='word_1_164' title='bbox 247 2475 335 2564; x_wconf 81' lang='grc' dir='ltr'><strong><em>αἶψα</em></strong></span> <span class='ocrx_word' id='word_1_165' title='bbox 358 2473 390 2544; x_wconf 77' lang='grc' dir='ltr'>δ’</span> <span class='ocrx_word' id='word_1_166' title='bbox 417 2469 458 2564; x_wconf 67' lang='lat' dir='ltr'>dp</span> <span class='ocrx_word' id='word_1_167' title='bbox 482 2477 530 2556; x_wconf 83' lang='grc' dir='ltr'>εἰς</span> <span class='ocrx_word' id='word_1_168' title='bbox 551 2477 671 2565; x_wconf 85' lang='grc' dir='ltr'><em>κλῆρον</em></span> <span class='ocrx_word' id='word_1_169' title='bbox 694 2477 827 2556; x_wconf 81' lang='grc' dir='ltr'><strong><em>ξύνισαν</em></strong></span> <span class='ocrx_word' id='word_1_170' title='bbox 851 2478 991 2565; x_wconf 76' lang='grc' dir='ltr'><em>δίφρους</em></span> <span class='ocrx_word' id='word_1_171' title='bbox 1011 2482 1180 2564; x_wconf 79' lang='grc' dir='ltr'><em>βεβαῶτες</em></span> 
     </span>
     <span class='ocr_line' id='line_1_22' title="bbox 242 2574 650 2668; baseline 0 -22"><span class='ocrx_word' id='word_1_172' title='bbox 242 2584 351 2664; x_wconf 81' lang='grc' dir='ltr'><em>χῶρον</em></span> <span class='ocrx_word' id='word_1_173' title='bbox 374 2574 425 2647; x_wconf 76' lang='grc' dir='ltr'>ἄν’</span> <span class='ocrx_word' id='word_1_174' title='bbox 450 2574 650 2668; x_wconf 71' lang='grc' dir='ltr'>ἠμαθόεντ’Ι</span> 
     </span>
     <span class='ocr_line' id='line_1_23' title="bbox 140 2702 1289 2787; baseline 0 -19"><span class='ocrx_word' id='word_1_175' title='bbox 140 2703 224 2768; x_wconf 87' lang='lat' dir='ltr'>Nolo</span> <span class='ocrx_word' id='word_1_176' title='bbox 246 2703 354 2769; x_wconf 89' lang='lat' dir='ltr'>multis</span> <span class='ocrx_word' id='word_1_177' title='bbox 376 2721 480 2767; x_wconf 90' lang='lat' dir='ltr'>meam</span> <span class='ocrx_word' id='word_1_178' title='bbox 505 2704 719 2769; x_wconf 89' lang='lat' dir='ltr'>coniecturam</span> <span class='ocrx_word' id='word_1_179' title='bbox 742 2702 967 2769; x_wconf 88' lang='lat' dir='ltr'>commendare</span> <span class='ocrx_word' id='word_1_180' title='bbox 981 2704 1018 2787; x_wconf 75' lang='grc'>1),</span> <span class='ocrx_word' id='word_1_181' title='bbox 1042 2709 1218 2769; x_wconf 86' lang='lat' dir='ltr'>ceterorum</span> <span class='ocrx_word' id='word_1_182' title='bbox 1241 2723 1289 2769; x_wconf 91' lang='lat' dir='ltr'>re·</span> 
     </span>
     <span class='ocr_line' id='line_1_24' title="bbox 139 2802 1290 2887; baseline 0.001 -17"><span class='ocrx_word' id='word_1_183' title='bbox 139 2806 252 2870; x_wconf 87' lang='lat' dir='ltr'>futare.</span> <span class='ocrx_word' id='word_1_184' title='bbox 296 2804 335 2869; x_wconf 94' lang='lat' dir='ltr'>Id</span> <span class='ocrx_word' id='word_1_185' title='bbox 356 2811 443 2869; x_wconf 91' lang='lat' dir='ltr'>certe</span> <span class='ocrx_word' id='word_1_186' title='bbox 465 2802 545 2868; x_wconf 91' lang='lat' dir='ltr'>mihi</span> <span class='ocrx_word' id='word_1_187' title='bbox 567 2806 712 2887; x_wconf 85' lang='lat' dir='ltr'>persuasi</span> <span class='ocrx_word' id='word_1_188' title='bbox 735 2811 767 2869; x_wconf 91' lang='lat' dir='ltr'>et</span> <span class='ocrx_word' id='word_1_189' title='bbox 788 2805 855 2869; x_wconf 93' lang='lat' dir='ltr'>leni</span> <span class='ocrx_word' id='word_1_190' title='bbox 876 2806 1051 2870; x_wconf 88' lang='lat' dir='ltr'>mutatione</span> <span class='ocrx_word' id='word_1_191' title='bbox 1073 2811 1105 2870; x_wconf 90' lang='lat' dir='ltr'>et</span> <span class='ocrx_word' id='word_1_192' title='bbox 1119 2806 1205 2871; x_wconf 90' lang='lat' dir='ltr'>bona</span> <span class='ocrx_word' id='word_1_193' title='bbox 1219 2825 1290 2871; x_wconf 89' lang='lat' dir='ltr'>sen·</span> 
     </span>
    </p>
   </div>
   <div class='ocr_carea' id='block_1_3' title="bbox 140 2905 1290 3090">
    <p class='ocr_par' dir='ltr' id='par_1_6' title="bbox 140 2905 1290 3090">
     <span class='ocr_line' id='line_1_25' title="bbox 140 2905 1290 2989; baseline 0 -17"><span class='ocrx_word' id='word_1_194' title='bbox 140 2906 241 2972; x_wconf 89' lang='lat' dir='ltr'>tentia</span> <span class='ocrx_word' id='word_1_195' title='bbox 263 2906 377 2973; x_wconf 91' lang='lat' dir='ltr'>ceteris</span> <span class='ocrx_word' id='word_1_196' title='bbox 400 2925 472 2970; x_wconf 87' lang='lat' dir='ltr'>eam</span> <span class='ocrx_word' id='word_1_197' title='bbox 494 2912 667 2989; x_wconf 89' lang='lat' dir='ltr'>praestare.</span> <span class='ocrx_word' id='word_1_198' title='bbox 711 2905 856 2987; x_wconf 86' lang='lat' dir='ltr'>Accedit,</span> <span class='ocrx_word' id='word_1_199' title='bbox 880 2907 965 2989; x_wconf 91' lang='lat' dir='ltr'>quod</span> <span class='ocrx_word' id='word_1_200' title='bbox 988 2906 1159 2972; x_wconf 88' lang='lat' dir='ltr'>Homerico</span> <span class='ocrx_word' id='word_1_201' title='bbox 1182 2910 1290 2974; x_wconf 90' lang='lat' dir='ltr'>versui</span> 
     </span>
     <span class='ocr_line' id='line_1_26' title="bbox 140 3008 795 3090; baseline -0.006 -16"><span class='ocrx_word' id='word_1_202' title='bbox 140 3008 189 3086; x_wconf 82' lang='grc' dir='ltr'>(Π.</span> <span class='ocrx_word' id='word_1_203' title='bbox 211 3009 331 3082; x_wconf 66' lang='grc'>11352)</span> <span class='ocrx_word' id='word_1_204' title='bbox 353 3026 443 3072; x_wconf 93' lang='lat' dir='ltr'>meus</span> <span class='ocrx_word' id='word_1_205' title='bbox 466 3008 585 3090; x_wconf 92' lang='lat' dir='ltr'>optime</span> <span class='ocrx_word' id='word_1_206' title='bbox 608 3008 795 3090; x_wconf 90' lang='lat' dir='ltr'>respondet:</span> 
     </span>
    </p>
   </div>
   <div class='ocr_carea' id='block_1_4' title="bbox 141 3114 1291 3873">
    <p class='ocr_par' dir='ltr' id='par_1_7' title="bbox 141 3114 1291 3873">
     <span class='ocr_line' id='line_1_27' title="bbox 270 3114 1168 3211; baseline 0 -21"><span class='ocrx_word' id='word_1_207' title='bbox 270 3114 309 3190; x_wconf 78' lang='grc' dir='ltr'>δν</span> <span class='ocrx_word' id='word_1_208' title='bbox 333 3117 365 3189; x_wconf 76' lang='grc' dir='ltr'>δ’</span> <span class='ocrx_word' id='word_1_209' title='bbox 392 3122 471 3208; x_wconf 86' lang='grc' dir='ltr'><em>’ἑβαν</em></span> <span class='ocrx_word' id='word_1_210' title='bbox 494 3121 527 3201; x_wconf 76' lang='grc' dir='ltr'>ἐς</span> <span class='ocrx_word' id='word_1_211' title='bbox 550 3122 699 3211; x_wconf 82' lang='grc' dir='ltr'><em>δίφρους,</em></span> <span class='ocrx_word' id='word_1_212' title='bbox 724 3121 757 3188; x_wconf 79' lang='grc' dir='ltr'>ἐν</span> <span class='ocrx_word' id='word_1_213' title='bbox 781 3123 817 3189; x_wconf 81' lang='grc' dir='ltr'>δὲ</span> <span class='ocrx_word' id='word_1_214' title='bbox 838 3123 980 3209; x_wconf 82' lang='grc' dir='ltr'><em>κλήρους</em></span> <span class='ocrx_word' id='word_1_215' title='bbox 1000 3122 1168 3209; x_wconf 75' lang='grc' dir='ltr'><em>ἐβάλοντο.</em></span> 
     </span>
     <span class='ocr_line' id='line_1_28' title="bbox 141 3237 1181 3329; baseline -0.003 -18"><span class='ocrx_word' id='word_1_216' title='bbox 141 3245 324 3329; x_wconf 88' lang='lat' dir='ltr'>Sequuntur</span> <span class='ocrx_word' id='word_1_217' title='bbox 346 3245 433 3328; x_wconf 91' lang='lat' dir='ltr'>apud</span> <span class='ocrx_word' id='word_1_218' title='bbox 456 3244 608 3323; x_wconf 80' lang='lat' dir='ltr'>Quintum</span> <span class='ocrx_word' id='word_1_219' title='bbox 630 3245 746 3311; x_wconf 86' lang='lat' dir='ltr'>verba:</span> <span class='ocrx_word' id='word_1_220' title='bbox 1179 3237 1181 3242; x_wconf 69' lang='grc'>’</span> 
     </span>
     <span class='ocr_line' id='line_1_29' title="bbox 591 3357 1138 3448; baseline 0.004 -22"><span class='ocrx_word' id='word_1_221' title='bbox 591 3360 649 3428; x_wconf 80' lang='grc' dir='ltr'>ἐπὶ</span> <span class='ocrx_word' id='word_1_222' title='bbox 671 3361 793 3448; x_wconf 79' lang='grc' dir='ltr'><strong><em>νύσσης</em></strong></span> <span class='ocrx_word' id='word_1_223' title='bbox 816 3357 846 3425; x_wconf 76' lang='grc' dir='ltr'>δ’</span> <span class='ocrx_word' id='word_1_224' title='bbox 873 3359 972 3427; x_wconf 74' lang='grc' dir='ltr'><strong><em>ἕσσαν</em></strong></span> <span class='ocrx_word' id='word_1_225' title='bbox 995 3359 1138 3428; x_wconf 73' lang='grc' dir='ltr'><strong><em>ἕκαστον.</em></strong></span> 
     </span>
     <span class='ocr_line' id='line_1_30' title="bbox 142 3474 1287 3566; baseline -0.003 -18"><span class='ocrx_word' id='word_1_226' title='bbox 142 3483 213 3549; x_wconf 83' lang='grc' dir='ltr'>Ηαο</span> <span class='ocrx_word' id='word_1_227' title='bbox 227 3481 341 3561; x_wconf 80' lang='grc' dir='ltr'><strong><em>νύσσα,</em></strong></span> <span class='ocrx_word' id='word_1_228' title='bbox 365 3503 465 3566; x_wconf 90' lang='lat' dir='ltr'>aqua</span> <span class='ocrx_word' id='word_1_229' title='bbox 487 3485 611 3566; x_wconf 89' lang='lat' dir='ltr'>equites</span> <span class='ocrx_word' id='word_1_230' title='bbox 634 3502 761 3565; x_wconf 91' lang='lat' dir='ltr'>qnoque</span> <span class='ocrx_word' id='word_1_231' title='bbox 783 3480 1025 3564; x_wconf 90' lang='lat' dir='ltr'>proficiscuntur</span> <span class='ocrx_word' id='word_1_232' title='bbox 1048 3485 1089 3559; x_wconf 89' lang='lat' dir='ltr'>(v.</span> <span class='ocrx_word' id='word_1_233' title='bbox 1106 3484 1183 3547; x_wconf 83' lang='lat'>550:</span> <span class='ocrx_word' id='word_1_234' title='bbox 1206 3483 1240 3546; x_wconf 85' lang='grc' dir='ltr'>οἳ</span> <span class='ocrx_word' id='word_1_235' title='bbox 1255 3474 1287 3545; x_wconf 86' lang='lat' dir='ltr'>d&#39;</span> 
     </span>
     <span class='ocr_line' id='line_1_31' title="bbox 143 3575 1291 3669; baseline 0.003 -22"><span class='ocrx_word' id='word_1_236' title='bbox 143 3575 213 3647; x_wconf 72' lang='grc' dir='ltr'>ἀπὸ</span> <span class='ocrx_word' id='word_1_237' title='bbox 238 3581 358 3669; x_wconf 81' lang='grc' dir='ltr'><strong><em>νύσσης</em></strong></span> <span class='ocrx_word' id='word_1_238' title='bbox 377 3588 381 3664; x_wconf 92' lang='grc' dir='ltr'>Ι</span> <span class='ocrx_word' id='word_1_239' title='bbox 401 3585 621 3668; x_wconf 80' lang='grc' dir='ltr'>καρπαλίμως</span> <span class='ocrx_word' id='word_1_240' title='bbox 642 3582 795 3669; x_wconf 77' lang='grc' dir='ltr'>οἲμησαν,</span> <span class='ocrx_word' id='word_1_241' title='bbox 811 3612 853 3634; x_wconf 89' lang='lat'>=</span> <span class='ocrx_word' id='word_1_242' title='bbox 868 3604 898 3648; x_wconf 90' lang='lat' dir='ltr'>v.</span> <span class='ocrx_word' id='word_1_243' title='bbox 917 3588 999 3666; x_wconf 78' lang='lat'>195),</span> <span class='ocrx_word' id='word_1_244' title='bbox 1022 3582 1149 3650; x_wconf 83' lang='lat' dir='ltr'>videtur</span> <span class='ocrx_word' id='word_1_245' title='bbox 1163 3585 1291 3650; x_wconf 86' lang='lat' dir='ltr'>interio-</span> 
     </span>
     <span class='ocr_line' id='line_1_32' title="bbox 142 3684 1291 3769; baseline -0.002 -17"><span class='ocrx_word' id='word_1_246' title='bbox 142 3707 211 3752; x_wconf 91' lang='lat' dir='ltr'>rem</span> <span class='ocrx_word' id='word_1_247' title='bbox 233 3694 330 3769; x_wconf 90' lang='lat' dir='ltr'>poeta</span> <span class='ocrx_word' id='word_1_248' title='bbox 351 3693 469 3752; x_wconf 87' lang='lat' dir='ltr'>metam</span> <span class='ocrx_word' id='word_1_249' title='bbox 491 3685 681 3769; x_wconf 86' lang='lat' dir='ltr'>significare.</span> <span class='ocrx_word' id='word_1_250' title='bbox 719 3684 870 3750; x_wconf 86' lang='lat' dir='ltr'>Habebat</span> <span class='ocrx_word' id='word_1_251' title='bbox 888 3687 985 3767; x_wconf 91' lang='lat' dir='ltr'>igitur</span> <span class='ocrx_word' id='word_1_252' title='bbox 1005 3685 1164 3767; x_wconf 88' lang='lat' dir='ltr'>triplicem</span> <span class='ocrx_word' id='word_1_253' title='bbox 1178 3684 1291 3752; x_wconf 86' lang='lat' dir='ltr'>finem:</span> 
     </span>
     <span class='ocr_line' id='line_1_33' title="bbox 141 3785 1290 3873; baseline -0.001 -20"><span class='ocrx_word' id='word_1_254' title='bbox 141 3789 290 3873; x_wconf 89' lang='lat' dir='ltr'>primum,</span> <span class='ocrx_word' id='word_1_255' title='bbox 313 3793 347 3853; x_wconf 92' lang='lat' dir='ltr'>nt</span> <span class='ocrx_word' id='word_1_256' title='bbox 362 3790 447 3855; x_wconf 88' lang='lat' dir='ltr'>circa</span> <span class='ocrx_word' id='word_1_257' title='bbox 463 3808 544 3871; x_wconf 89' lang='lat' dir='ltr'>eam,</span> <span class='ocrx_word' id='word_1_258' title='bbox 567 3795 601 3853; x_wconf 93' lang='lat' dir='ltr'>ut</span> <span class='ocrx_word' id='word_1_259' title='bbox 617 3789 703 3854; x_wconf 87' lang='lat' dir='ltr'>circa</span> <span class='ocrx_word' id='word_1_260' title='bbox 718 3787 919 3868; x_wconf 86' lang='lat' dir='ltr'>exteriorem,</span> <span class='ocrx_word' id='word_1_261' title='bbox 941 3785 1129 3867; x_wconf 88' lang='lat' dir='ltr'>flecteretur,</span> <span class='ocrx_word' id='word_1_262' title='bbox 1145 3787 1290 3870; x_wconf 88' lang='lat' dir='ltr'>alterum,</span> 
     </span>
    </p>
   </div>
   <div class='ocr_carea' id='block_1_5' title="bbox 140 3980 1291 4132">
    <p class='ocr_par' dir='ltr' id='par_1_8' title="bbox 140 3980 1291 4132">
     <span class='ocr_line' id='line_1_34' title="bbox 230 3980 1291 4058; baseline 0.004 -16"><span class='ocrx_word' id='word_1_263' title='bbox 230 3991 254 4052; x_wconf 85' lang='lat'>1)</span> <span class='ocrx_word' id='word_1_264' title='bbox 278 3986 333 4042; x_wconf 80' lang='lat' dir='ltr'>cfr.</span> <span class='ocrx_word' id='word_1_265' title='bbox 352 3987 464 4042; x_wconf 89' lang='lat' dir='ltr'>similem</span> <span class='ocrx_word' id='word_1_266' title='bbox 481 3987 589 4043; x_wconf 80' lang='lat' dir='ltr'>Arriani</span> <span class='ocrx_word' id='word_1_267' title='bbox 610 3987 713 4042; x_wconf 86' lang='lat' dir='ltr'>locum:</span> <span class='ocrx_word' id='word_1_268' title='bbox 739 3985 790 4051; x_wconf 82' lang='grc' dir='ltr'>εἰς</span> <span class='ocrx_word' id='word_1_269' title='bbox 814 3991 948 4058; x_wconf 82' lang='grc' dir='ltr'><em>κλῆρον</em></span> <span class='ocrx_word' id='word_1_270' title='bbox 972 3980 1075 4051; x_wconf 82' lang='grc' dir='ltr'>αύτούς</span> <span class='ocrx_word' id='word_1_271' title='bbox 1096 3990 1291 4047; x_wconf 71' lang='grc' dir='ltr'><strong><em>καθίστασθαι</em></strong></span> 
     </span>
     <span class='ocr_line' id='line_1_35' title="bbox 140 4073 276 4132; baseline -0.029 0"><span class='ocrx_word' id='word_1_272' title='bbox 140 4073 276 4132; x_wconf 73' lang='grc' dir='ltr'><em>ἐδικαίου.</em></span> 
     </span>
    </p>
   </div>
   <div class='ocr_carea' id='block_1_6' title="bbox 0 0 1560 4766">
    <p class='ocr_par' dir='ltr' id='par_1_9' title="bbox 0 0 1560 4766">
     <span class='ocr_line' id='line_1_36' title="bbox 0 0 1560 4766; baseline 0 0"><span class='ocrx_word' id='word_1_273' title='bbox 0 0 1560 4766; x_wconf 95' lang='lat' dir='ltr'> </span> 
     </span>
    </p>
   </div>
  </div>
 </body>
</html>
