3096 4766
418 311 449 365 B.
478 310 529 364 DE
548 310 788 367 HIPPODROMO
808 311 1009 368 NONNIANO.
1250 315 1289 372 23

132 492 226 568 tergo
249 491 474 551 consecuturus
497 490 559 550 est:
580 484 715 567 perinde
731 487 829 550 etiam
844 488 932 568 prius
951 506 1048 568 quam
1062 487 1118 552 ille
1133 486 1177 551 ad
1192 486 1288 554 finem

132 587 269 654 advenit
291 592 355 661 (vv.
372 589 433 650 477
446 587 538 667 sqq.).

221 689 355 754 Nonnus
377 688 552 753 Homerum
574 688 606 752 In
630 707 668 752 eo
692 707 820 770 quoque
836 696 963 755 secutus
982 696 1040 770 est,
1064 690 1150 771 quod
1174 690 1287 773 hippo-

133 791 240 855 dromi
255 791 422 872 planitiem
437 791 510 854 Iooo
526 790 727 872 depressiore
749 791 965 856 intermissum
981 791 1058 858 feeit
1072 812 1125 858 vv.
1143 793 1203 855 397
1217 812 1287 875 sqq.

135 895 190 972 (=
205 893 243 956 Il.
264 893 297 954 Ψ
309 896 370 956 420
383 894 479 974 sqq.):

264 990 393 1077 ῥωχμὸς
415 991 471 1077 ἔην
492 989 720 1075 βαθύκολπος,
744 987 782 1056 ὃν
806 988 956 1079 ἐξέρρηξε
978 990 1139 1058 κελεύθου

260 1099 408 1180 χειμερίῃ
431 1092 571 1178 μάστιγι
592 1089 678 1169 Διὸς
700 1090 922 1173 μετανάοτιον
944 1085 1034 1178 ὕδωρ

261 1189 405 1281 ἠεράθεν
428 1200 644 1281 προχέαντες·
669 1193 850 1278 ἒερχομένῳ
874 1193 909 1259 δὲ
932 1195 1062 1282 ῥεέθρῳ

261 1292 388 1384 ὄμβρου
410 1296 600 1382 χειονόμοιο
624 1295 718 1382 ῥάχις
739 1297 925 1362 κοιλαίνετο
948 1303 1053 1384 γαίης.

133 1401 169 1466 In
193 1401 255 1468 hoo
277 1408 421 1467 extremo
443 1421 539 1468 versu
564 1398 658 1484 ῥάχις
687 1400 766 1483 quid
795 1401 837 1466 sit
864 1403 1036 1482 quaerItur.
1082 1401 1216 1484 Proprie
1239 1407 1288 1467 est

133 1504 281 1570 animalis
296 1506 390 1588 spina
404 1504 597 1587 prominens,
613 1509 648 1568 ut
659 1502 735 1566 XLI
746 1504 815 1567 187.
835 1501 944 1567 XLIII
956 1504 995 1566 43
1008 1503 1099 1568 tauri.
1123 1502 1215 1567 XLII
1224 1505 1286 1566 250

135 1605 236 1672 bovis.
271 1607 330 1670 XL
346 1609 385 1669 47
403 1607 477 1672 ursi.
510 1604 657 1669 XXXIX
673 1607 744 1669 349.
779 1603 855 1668 XLI
873 1605 910 1666 18
927 1604 1012 1668 Euri.
1047 1604 1136 1668 XLV
1153 1606 1215 1668 342
1239 1601 1287 1680 εἰς

133 1706 227 1792 ῥάχιν
244 1701 345 1792 ἄκρην
361 1701 508 1774 hominis.
542 1707 621 1771 Inde
638 1707 825 1771 transfertur
847 1704 889 1770 ad
910 1706 1015 1770 Iooum
1030 1704 1150 1771 editum
1172 1708 1286 1789 spiuae

133 1810 282 1891 similem,
305 1811 394 1875 velut
415 1809 491 1872 XLI
509 1811 557 1871 15.
580 1807 719 1871 XLVIII
734 1809 784 1870 37.
803 1809 862 1871 199
886 1805 1026 1871 Isthmus
1044 1808 1157 1890 spinae
1173 1809 1286 1874 similis

135 1931 153 1976 e
170 1913 248 1975 mari
263 1929 480 1993 promergens,
503 1908 641 1972 XLVIII
657 1909 697 1971 73
712 1909 829 1972 montis
844 1907 970 1988 Haemi,
993 1907 1086 1971 XLII
1103 1911 1173 1973 131.
1197 1909 1287 1974 XLV

135 2013 207 2075 293.
223 2014 295 2077 229.
312 2013 384 2075 286.
412 2010 518 2074 XLVI
534 2012 563 2072 3.
592 2008 714 2073 XLVII
732 2011 801 2072 143.
818 2011 880 2071 295
903 2009 995 2073 oollis
1017 2010 1184 2075 silvestrIs.
1230 2011 1287 2077 Sio
1392 2091 1395 2096 .

135 2114 323 2196 saepIssime
345 2112 387 2178 de
410 2112 545 2178 oollibus
567 2117 738 2192 usurpatur
761 2115 807 2186 (ut
821 2107 918 2173 Anth.
937 2108 1006 2172 Pal.
1023 2109 1084 2174 VH
1099 2111 1176 2174 657:
1199 2117 1286 2176 Ποι-

135 2210 229 2294 μὲνες
251 2216 284 2278 οἳ
306 2211 428 2300 ταύτην
451 2205 547 2296 άρεος
569 2209 664 2296 ῥάχιν
688 2208 899 2285 οἷοπολεῑτε).
943 2209 1061 2285 Nostro
1084 2218 1190 2277 autem
1215 2214 1286 2280 loeo

136 2318 250 2381 oollem
273 2316 445 2399 significari
460 2335 554 2398 nego.
589 2314 632 2381 Ut
655 2314 740 2378 enim
763 2313 855 2378 oollis
878 2311 928 2394 sit,
953 2312 1005 2376 hio
1020 2330 1083 2377 non
1104 2333 1163 2396 per
1185 2321 1286 2381 trans·

135 2437 262 2484 versum
279 2417 526 2502 hIppodromum
538 2417 698 2499 pertinere
713 2415 824 2497 possit,
840 2414 899 2480 sed
911 2413 1087 2478 seeundum
1099 2416 1168 2482 eius
1183 2418 1286 2500 longi-

134 2519 285 2585 tudinem.
329 2521 390 2585 Ille
412 2526 535 2585 torrens
558 2524 613 2583 aut
641 2523 733 2583 extra
760 2534 891 2580 arenam
919 2521 975 2579 aut
1005 2517 1087 2581 iutra
1110 2518 1285 2585 seeundum

133 2623 247 2689 oollem
275 2620 373 2688 fluere
396 2620 587 2704 oogItandus
616 2621 666 2685 sit.
711 2617 747 2682 Si
769 2624 862 2684 extra
890 2636 1020 2682 arenam
1043 2616 1145 2687 fluens
1168 2623 1284 2688 oolIem

133 2724 357 2805 excavaverit,
386 2722 429 2788 ad
459 2723 588 2804 aurigas
617 2719 699 2785 haee
727 2721 896 2786 exoavatio
930 2717 1012 2784 nihil
1044 2722 1173 2806 attinet,
1209 2726 1286 2806 quia

133 2827 248 2893 oollam
277 2844 340 2889 non
370 2830 537 2908 superant,
567 2841 609 2888 ne
630 2820 772 2888 thates
802 2820 940 2904 quidem.
983 2821 1019 2886 Si
1049 2823 1283 2890 intra-arenam

131 2927 225 3010 fluat,
256 2932 413 2994 certantes
444 2926 535 2992 ooIIis
564 2944 736 2991 savernam
765 2930 927 3007 nequeunt
948 2926 1077 3005 assequi
1103 2934 1284 3009 propterea,

133 3031 218 3113 quod
241 3048 368 3093 amnem
392 3027 535 3093 ourribus
557 3045 708 3108 superare
736 3045 800 3090 non
827 3032 975 3107 possunt:
1005 3045 1176 3092 cavernam
1199 3030 1284 3093 enim

132 3141 218 3198 trans
248 3150 322 3195 eum
351 3130 445 3194 sitam
469 3148 540 3194 esse
562 3147 694 3193 neeesse
724 3134 781 3192 est.
826 3127 905 3193 Oum
928 3128 1025 3209 Igitur
1048 3129 1140 3193 oollis
1163 3129 1283 3212 signifi-

133 3235 215 3299 catio
239 3252 302 3297 non
326 3231 471 3313 quadret,
495 3226 589 3314 ῥάχις
610 3236 666 3294 aut
681 3228 722 3294 de
744 3229 811 3292 aori
834 3230 982 3293 torrentis
1005 3231 1148 3311 margine
1171 3237 1227 3295 aut
1242 3231 1283 3296 de

133 3333 299 3417 superficie
322 3341 425 3398 terrae
449 3331 701 3415 intellegendum
723 3337 780 3396 est.
818 3331 935 3395 Verum
958 3337 1103 3395 neutrum
1125 3334 1283 3415 exempIIs

133 3442 237 3518 potest
251 3435 379 3500 firmari.
414 3433 533 3500 Contra
548 3433 645 3499 etiam
660 3432 749 3498 notio
765 3432 877 3513 spinae
892 3437 1022 3513 pugnat.
1056 3431 1159 3497 Immo
1182 3434 1282 3498 latum

134 3543 164 3602 et
185 3537 315 3618 planum
337 3542 460 3618 tergum
484 3536 655 3601 ouiuslibet
676 3535 723 3599 rei
739 3534 855 3598 Graeci
876 3551 958 3598 vooe
981 3533 1085 3594 νῶτον
1106 3535 1282 3620 appellant,

134 3643 168 3703 ut
189 3658 218 3702 v.
242 3639 303 3700 460
326 3656 453 3702 arenae.
488 3637 633 3702 XXXIX
657 3638 728 3700 360.
752 3639 822 3700 399.
855 3634 964 3699 XLIII
987 3634 1027 3696 35
1049 3635 1156 3700 maris.
1190 3636 1283 3702 XLII

133 3736 282 3804 aetherIs.
315 3737 352 3802 ll.
368 3743 397 3800 B
415 3740 485 3804 159.
519 3737 579 3804 Od.
595 3763 614 3821 y
632 3741 706 3802 142:
730 3729 826 3819 εάρὲα
849 3737 938 3799 vaira
959 3731 1148 3821 θαλάσσης.
1188 3738 1281 3804 Pind.

132 3840 175 3905 IV
190 3842 248 3904 26:
273 3835 307 3912 ἐξ
325 3829 477 3902 Ὠκεανοῦ
502 3837 646 3924 φέρομεν
676 3835 789 3903 νώτων
811 3829 896 3922 άπερ
917 3842 1015 3922 γαίας
1039 3834 1168 3921 ἐρήμων
1192 3835 1281 3902 εἰνά-

134 3940 203 4006 λιον
232 3937 321 4024 δόρυ.
372 3940 454 4006 Plut.
478 3941 613 4007 Flamin.
637 3943 670 4005 9:
702 3940 901 4015 Θεσσαλίας.
952 3939 1059 4006 Unum
1086 3940 1281 4024 investigavi

133 4044 251 4126 Iocum,
276 4042 346 4124 ubi,
369 4043 448 4124 qnid
470 4039 564 4128 ῥάχις
586 4044 758 4128 signifieat,
782 4041 921 4107 dubitari
943 4041 1062 4124 possit,
1090 4040 1187 4108 Anth.
1211 4042 1282 4109 Pal.
