3088 4774
560 313 592 368 B.
619 313 670 367 DE
688 311 908 368 TARAXIPPO.
1266 314 1307 374 89

152 486 231 553 iude
246 485 355 569 colligi
370 486 456 570 licet,
472 485 558 569 quod
573 486 694 570 Iupiter
709 486 901 553 Diomedem
916 487 1050 570 eiusque
1065 507 1165 572 equos
1180 489 1307 573 fulgure

151 595 350 672 perterrens,
377 607 419 653 ne
442 589 569 671 longius
589 588 850 671 progrediantur,
871 587 1008 672 impedit
1029 590 1077 667 (Il.
1094 592 1124 654 Θ
1139 594 1199 657 130
1212 593 1306 676 sqq).

151 691 225 757 Hoc
241 690 424 772 exemplum
441 691 501 755 etsi
515 710 580 756 non
594 697 660 756 tam
675 690 718 756 ad
734 710 833 774 equos
845 711 941 774 quam
955 692 999 757 ad
1010 691 1155 759 homines
1167 695 1307 777 stupefa-

153 791 287 859 ciendcs
298 797 445 876 spectare
457 791 696 858 concedendum
712 797 769 876 est,
785 799 892 858 tamen
907 792 1027 862 idcirco
1042 796 1174 879 propius
1189 794 1232 862 ad
1244 797 1305 862 Τι-

151 895 282 978 raxippi
298 894 480 977 opinionem
502 892 628 962 accedit
650 913 747 977 quam
762 894 899 979 Eumeli,
922 896 1009 980 quod
1023 897 1091 963 illic
1112 898 1188 981 iugo
1204 899 1306 966 fracto

152 996 295 1080 demum,
318 996 371 1062 hic
392 996 493 1078 ipsius
510 996 598 1062 Iovis
618 995 743 1079 fulgore
765 998 841 1079 equi
860 1003 1018 1064 terrentur
1033 1020 1087 1065 vu.
1108 1003 1269 1067 rat-36:

258 1112 445 1202 βροντήσας
467 1104 499 1177 d'
525 1106 590 1198 ἄρα
613 1110 723 1179 δεινὸν
745 1104 848 1201 ἀφῆκ’
874 1109 999 1201 ἀργῆτα
1021 1115 1187 1201 κεραυνόν,

259 1213 324 1280 κὰδ
346 1214 382 1280 δὲ
404 1206 535 1301 πρόσθ’
548 1215 680 1306 ,ἵππων
702 1213 892 1301 Διομήδεος
913 1210 971 1304 ἧκε
989 1217 1102 1303 χάμαζ
1123 1239 1131 1252 ·
1251 1275 1256 1282 .

246 1305 351 1405 Ιδεινὴ
375 1316 411 1382 δὲ
434 1313 522 1404 φλὸξ
542 1301 630 1400 ὦρτο
651 1320 769 1383 θεείου
790 1323 991 1402 καιομένοιο,

260 1417 306 1485 cui
331 1412 362 1484 δ’
388 1418 488 1484 ἵππω
512 1418 663 1486 δείσαντε
684 1420 899 1509 καταπτήτην
920 1415 982 1487 ὑπ’
1008 1416 1156 1510 ὄχεσφιν.

239 1557 278 1623 Id
289 1577 389 1642 genus
405 1559 677 1643 perturbationem
689 1557 831 1642 ipsorum
844 1558 977 1625 deorum
992 1561 1173 1628 interventu
1188 1563 1307 1628 factam

151 1660 241 1744 apud
264 1680 319 1727 ecs
341 1667 454 1744 poetas
477 1662 586 1745 epicos
608 1661 801 1744 reperimus,
830 1662 885 1743 qui
908 1661 1083 1728 Homerum
1112 1669 1144 1729 et
1166 1665 1306 1748 cyclicus

153 1761 270 1829 eadem
293 1764 517 1846 superstitione
540 1763 680 1828 imbutos
701 1763 819 1828 imitati
841 1769 924 1828 sunt.
968 1763 1105 1846 Propria
1125 1766 1180 1831 via
1202 1767 1307 1850 ingre·

153 1864 298 1948 dicutur,
327 1884 471 1931 seorsum
492 1865 534 1930 ab
561 1884 617 1947 ec,
646 1883 710 1946 qua
732 1864 911 1948 Tarcxippi
937 1865 1067 1934 fabulae
1088 1869 1308 1949 procedebant

152 1972 251 2048 atque
273 1968 468 2034 crescebant.
501 1967 624 2032 Tamen
646 1968 680 2031 in
698 1966 892 2048 quibusdam
905 1967 1002 2033 rebus
1023 1968 1065 2033 ab
1082 1968 1214 2035 Homeri
1236 1989 1307 2037 sen-

152 2069 255 2133 tentia
277 2067 446 2136 discedere
470 2089 525 2135 eos
548 2068 740 2134 videbimus.

239 2170 277 2234 In
299 2173 439 2254 equestri
462 2171 635 2237 certamine
657 2169 744 2252 apud
768 2168 984 2246 Quintum
1006 2170 1306 2255 Smyrnaeum

153 2272 211 2350 (IV
227 2275 289 2336 500
305 2273 387 2356 sqq.)
410 2279 558 2338 enarratu
581 2272 787 2338 infortunium
810 2271 924 2338 Thoae
952 2277 985 2339 et
1006 2272 1164 2357 Eurypyli
1193 2274 1236 2356 (p.
1252 2275 1306 2350 69)

152 2379 259 2439 utrum
281 2373 413 2441 deorum
436 2375 618 2440 auctoritati
640 2395 682 2439 an
696 2374 835 2440 naturali
851 2375 939 2440 casui
955 2374 1065 2440 datum
1080 2375 1132 2458 sit,
1154 2394 1217 2440 non
1241 2376 1306 2441 iam

153 2473 325 2541 diiudicari
347 2484 462 2560 potest,
485 2475 572 2559 quod
586 2497 708 2559 versus,
731 2476 847 2560 quibus
870 2476 911 2543 de
933 2476 995 2543 hac
1016 2495 1052 2542 re
1074 2475 1183 2543 doceri
1204 2479 1306 2560 possi-

151 2597 224 2642 mus
240 2582 325 2660 (post
339 2599 370 2644 v.
387 2581 472 2664 524),
495 2579 693 2646 exciderunt.
726 2579 909 2646 Verisimile
929 2579 1010 2646 illud
1026 2584 1075 2646 est
1097 2598 1139 2645 ex
1160 2580 1306 2646 similitu-

153 2678 230 2746 dine
247 2699 421 2764 cursorum,
437 2700 455 2747 e
475 2681 590 2764 quibus
602 2682 727 2747 Teucer
743 2680 877 2747 deorum
893 2701 992 2764 opera
1004 2681 1090 2746 cadit
1101 2684 1307 2747 vetuo-5:

261 2795 301 2885 δὴ
325 2795 401 2864 τότε
423 2823 490 2864 που
516 2796 675 2883 Τεύκροιο
698 2802 797 2880 μένος
818 2799 874 2864 καὶ
896 2809 973 2882 γυῖα
995 2798 1147 2886 πέδησεν

262 2893 447 2968 ἅθανατοι·
469 2897 528 2966 τὸν
549 2898 612 2984 γάρ
636 2899 679 2986 ῥα
699 2897 784 2977 θεὸς
804 2899 905 2985 βάλεν
927 2892 966 2989 ἠέ
987 2923 1040 2976 τις
1062 2894 1124 2986 ἄτη

261 2995 340 3080 citou
362 3001 396 3080 ἐς
419 2995 612 3087 ἀλγινόεντα
633 3000 856 3089 βαθυρρίζοιο
877 3007 1026 3088 μυρίκης.

152 3139 192 3207 Id
225 3141 426 3224 potissimum
459 3138 521 3206 hoc
553 3139 626 3206 loco
656 3145 832 3205 memoratu
858 3138 992 3221 dignum
1020 3138 1149 3205 videtur
1177 3157 1307 3204 causam

152 3243 263 3326 lapsus
291 3241 451 3309 indubio
480 3242 634 3325 relinqui:
667 3260 731 3306 non
761 3246 866 3306 certus
894 3240 974 3306 deus
1003 3241 1199 3323 appellatur,
1229 3241 1307 3322 quin

154 3347 253 3411 etiam
274 3351 380 3410 utrum
401 3344 481 3410 deus
503 3349 620 3410 anate
643 3342 803 3426 quaedam
825 3342 931 3425 fuerit,
954 3341 1126 3408 dubitatur.
1171 3342 1242 3408 Hoc
1264 3342 1306 3407 ab

153 3445 296 3512 Homero
318 3446 415 3512 valde
438 3446 608 3528 discrepat.

239 3548 404 3614 Nonnus
427 3550 460 3612 in
475 3546 743 3631 Dionysiaccrum
762 3545 844 3612 libro
859 3545 1028 3612 XXXVII.
1052 3565 1216 3612 cursorum
1238 3547 1307 3630 qui·

153 3651 230 3716 dem
252 3651 459 3717 certationem
473 3649 659 3716 describens
675 3648 851 3714 Homerum
868 3656 1031 3716 auctorem
1054 3647 1209 3713 imitando
1232 3668 1306 3714 con-

154 3758 282 3819 secutus
310 3757 374 3834 est,
405 3752 490 3835 quod
514 3750 695 3835 Ocythoum
726 3749 840 3816 eadem
862 3756 960 3834 atque
981 3750 1068 3833 apud
1094 3749 1185 3815 illum
1209 3770 1307 3816 causa

153 3855 317 3921 labentem
338 3857 570 3931 (ureae-59.
594 3854 903 3920 delicies-83.
926 3851 1215 3935 Verg.Aen.V3·27
1224 3852 1306 3934 sqq.)

155 3965 187 4022 et
203 3955 417 4023 Erechtheum
432 3956 538 4023 Borea
551 3956 698 4022 adiutore
713 3956 894 4020 vincentem
909 3955 995 4038 tacit,
1018 3972 1211 4036 quamquam
1227 3953 1306 4020 deus

154 4079 219 4125 non
241 4059 310 4142 ipse
326 4059 508 4143 intervenit,
530 4077 641 4124 verum
656 4057 768 4141 procul
783 4057 955 4123 velocitate
971 4075 1044 4122 eum
1059 4063 1202 4122 exornat.
1240 4055 1307 4122 Sed
