3150 4768
551 289 585 342 A.
613 289 663 343 DE
681 288 916 345 CARCERIBUS.
1272 290 1311 348 63

159 467 192 526 et
206 461 362 545 regulam.
399 461 436 528 Si
451 462 693 532 mathematicos
711 470 886 546 praecepta
900 470 1090 547 spectamus,
1114 463 1312 547 simplicissi-

158 583 246 628 mum
270 569 319 628 est
341 571 449 630 centro
472 566 582 632 circini
604 567 785 648 constituto,
807 566 863 631 ubi
880 573 929 632 est
942 567 1037 646 litera
1052 566 1109 649 Ma,
1131 565 1223 630 radio
1238 563 1311 631 Mes

158 684 268 730 arcum
293 666 403 732 circuli
426 667 623 751 describere,
653 669 708 751 qni
730 669 912 734 interiorem
939 669 1081 751 porticus
1101 686 1266 733 versuram
1287 666 1311 733 S

159 773 192 832 et
214 768 325 833 lateris
340 767 370 832 Α
385 788 550 834 versuram
566 770 597 834 D
612 776 708 836 secet.
747 771 839 836 'lunc
860 771 901 835 ab
917 770 1063 836 omnibus
1078 787 1170 834 arcus
1185 769 1313 850 punctis

157 867 201 934 ad
216 869 263 936 Mn
284 888 379 952 pares
401 876 474 935 sunt
495 873 569 940 viae
589 880 719 957 propter
739 873 968 957 aequalitatem
989 872 1160 938 radiorum.
1205 868 1313 935 Simili

158 970 256 1036 modo
275 972 411 1038 Romani
433 973 584 1039 videntur
606 977 831 1058 construxisse,
854 977 974 1059 quippe
996 975 1051 1057 qui
1074 979 1222 1056 quattuor
1243 972 1312 1038 fere

159 1093 270 1141 currus
285 1074 411 1139 mittere
427 1075 577 1141 solerent.
613 1076 709 1161 Apud
725 1077 866 1144 Graecos
882 1097 971 1160 voro,
994 1077 1050 1159 qui
1065 1074 1164 1140 mnlto
1179 1075 1311 1157 maiore,

158 1174 353 1258 decemplici
375 1196 487 1260 saepe,
517 1179 616 1246 missu
639 1179 824 1263 currebant,
853 1178 1012 1246 eiusmodi
1034 1176 1226 1244 constructio
1247 1195 1312 1241 non
1379 1165 1381 1170 ’

158 1283 265 1349 solum
285 1283 492 1367 permisisset,
516 1290 551 1347 ut
573 1281 681 1348 statim
697 1300 715 1346 e
734 1281 916 1348 carceribus
938 1280 1022 1346 alius
1044 1278 1190 1363 agonista
1212 1278 1312 1342 alium

158 1393 296 1452 vexaret
318 1386 451 1468 eiusque
473 1404 600 1450 cursum
623 1384 774 1468 turbaret,
798 1403 911 1448 verum
927 1383 1024 1448 etiam
1039 1381 1217 1464 periculum
1234 1386 1312 1464 erat,

157 1509 201 1554 ne
223 1488 278 1554 filo
300 1489 488 1554 certantium
510 1487 614 1570 magis
636 1488 804 1570 magisque
827 1485 869 1551 ad
891 1485 1020 1550 laevam
1036 1503 1148 1550 versus
1170 1488 1313 1549 coartato

157 1589 405 1672 antagonistae
427 1589 590 1654 sinistrum
613 1609 711 1655 cornu
734 1592 889 1672 tenentes,
915 1587 1102 1670 prinsquam
1124 1591 1244 1651 metam
1265 1585 1312 1650 in-

158 1693 311 1757 teriorem
333 1692 537 1774 attingerent,
559 1697 686 1774 praeter
702 1689 785 1756 hanc
800 1696 917 1756 metam
942 1690 976 1753 in
998 1689 1159 1754 sinistram
1180 1706 1312 1752 arenam

158 1802 231 1877 ant,
255 1795 282 1860 si
305 1793 339 1859 bi
360 1794 560 1878 resisterent,
587 1795 620 1860 in
642 1792 750 1859 medio
772 1793 843 1859 acie
865 1791 963 1875 positi
984 1791 1142 1871 utrimque
1165 1788 1313 1855 cornibus

157 1897 385 1978 superantibus
408 1896 583 1979 compressi
604 1901 689 1961 retro
712 1894 964 1961 extunderentur.
1002 1892 1151 1974 Namque
1173 1891 1313 1974 spatium

157 1996 218 2076 FQ
233 2017 295 2063 non
310 1999 406 2064 nimis
422 1997 610 2064 contrahere
625 1998 754 2082 licebat,
777 1997 867 2063 cuins
882 1996 930 2061 rei
945 2014 1075 2060 cansam
1091 2014 1189 2077 supra
1203 1995 1246 2076 (p.
1260 1995 1312 2066 55)

157 2102 333 2167 attulimus.
371 2101 408 2166 In
423 2102 577 2166 Romanis
596 2120 723 2184 quoque
739 2100 832 2165 circis
847 2098 979 2164 interior
994 2101 1081 2161 meta
1095 2116 1116 2161 a
1131 2093 1312 2161 carceribus

157 2204 261 2269 rnnlto
284 2203 387 2286 magis
409 2203 550 2269 distabat
572 2222 668 2285 quam
688 2202 828 2267 exterior
848 2201 890 2265 ab
906 2218 982 2266 arcu
998 2199 1075 2266 circi
1090 2196 1125 2264 Ο.
1163 2195 1313 2263 Olcoetas

157 2306 218 2372 illa
239 2307 384 2389 pericula
405 2326 443 2372 eo
465 2307 612 2386 removit,
636 2304 722 2387 quod
744 2323 853 2368 arcum
869 2301 924 2366 SD
946 2321 1010 2367 uon
1032 2301 1103 2383 ipse
1125 2299 1312 2380 construxit,

157 2408 219 2474 sed
247 2428 356 2474 arcum
382 2407 443 2473 GH
471 2426 571 2491 prope
599 2413 735 2473 rostrum
764 2406 806 2471 ab
835 2406 914 2488 ipsis
942 2403 1098 2487 agonistis
1126 2400 1197 2466 fieri
1224 2400 1312 2494 iecit.

157 2511 234 2576 Non
256 2511 341 2576 euim
365 2511 472 2576 cuncti
493 2509 588 2575 simul
610 2509 826 2592 mittebantur,
849 2507 908 2573 sed
929 2507 998 2572 bini
1019 2505 1173 2586 deinceps
1194 2503 1255 2584 ita,
1270 2506 1314 2584 ,ut

156 2613 298 2696 primum
320 2620 499 2695 postremus
521 2611 600 2676 ordo
623 2608 654 2674 h.
671 2629 698 2676 e.
723 2611 769 2695 ei,
794 2609 849 2693 qui
871 2608 1042 2690 utrobique
1064 2608 1218 2674 stationes
1239 2625 1312 2688 por-

156 2717 239 2782 ticui
260 2715 383 2781 vicinas
407 2713 579 2795 habebant,
603 2718 824 2778 excurrerent:
848 2712 903 2793 qui
926 2711 1120 2792 simulatque
1141 2707 1185 2774 ad
1207 2709 1313 2773 exitus

157 2818 378 2902 proximarum
408 2837 429 2881 a
456 2835 492 2882 se
525 2815 697 2881 stationum
730 2818 969 2896 processerant,
1003 2812 1172 2894 agonistae
1200 2811 1232 2874 in
1262 2808 1313 2876 his

156 2921 274 3004 positi,
296 2918 327 2984 b.
345 2939 373 2985 e.
396 2916 555 2984 secundus
577 2914 673 2996 ordo,
695 2914 912 2996 mittebantur,
935 2912 1054 2979 deinde
1076 2913 1132 2979 ubi
1154 2911 1313 2979 secundus

159 3022 241 3088 ordo
264 3042 336 3087 cum
359 3021 453 3087 tertio
477 3023 676 3103 exaequatus
698 3023 782 3100 erat,
806 3015 859 3082 hic
881 3034 1009 3083 currere
1031 3015 1221 3102 incipiebat,
1244 3023 1312 3081 tnm

158 3125 314 3206 deinceps
337 3122 452 3189 eadem
473 3122 598 3186 ratione
619 3119 717 3184 ceteri
739 3118 880 3199 ordines,
902 3117 1005 3183 donec
1028 3137 1138 3183 omnes
1153 3139 1174 3182 a
1187 3120 1312 3200 porticu

158 3227 204 3293 ad
225 3233 363 3292 rostrum
385 3244 530 3290 carceres
550 3221 654 3288 relicti
669 3226 768 3286 erant.
807 3221 875 3297 (132
899 3220 1032 3301 πρῶται
1053 3218 1114 3300 μὲν
1137 3216 1175 3305 δὴ
1200 3216 1312 3283 ἑκατέ-

158 3331 273 3411 ρωθεν
296 3325 332 3390 αἱ
355 3322 442 3409 πρὸς
463 3327 504 3411 τῇ
528 3324 612 3411 στοᾷ
632 3324 674 3409 τῇ
684 3315 876 3406 Ἀγνάπτου
895 3321 1044 3400 χαλῶσιν
1058 3312 1233 3406 ὕσπληγες,
1257 3324 1312 3388 καὶ

159 3427 192 3494 οἱ
215 3424 299 3494 κατὰ
323 3426 447 3504 ταύτας
469 3423 643 3512 ἑστηκότες
671 3421 846 3488 ἐκθέουσιν
874 3420 980 3487 ἵπποι
1002 3425 1150 3508 πρῶτοι·
1173 3426 1313 3502 θέοντές

157 3555 196 3596 τε
225 3526 265 3618 δὴ
294 3534 443 3615 γίνονται
471 3523 556 3594 κατὰ
582 3524 660 3603 τοὺς
689 3522 861 3612 εἰληχότας
894 3521 1032 3589 ἑστάναι
1062 3522 1122 3613 τὴν
1156 3525 1312 3611 δευτέραν

157 3625 272 3712 τάξιν,
301 3633 357 3697 καὶ
378 3633 558 3718 τηνικαῦτα
584 3629 732 3711 χαλῶσιν
756 3625 791 3692 αἱ
812 3617 979 3714 ὕσπληγες
1001 3625 1037 3691 αἱ
1059 3624 1093 3691 ἐν
1111 3631 1152 3714 τῇ
1175 3627 1313 3716 δευτέρᾳ

156 3731 269 3811 τάξει·
304 3729 360 3799 διά
383 3731 520 3798 πάντων
548 3754 585 3796 τε
613 3725 698 3795 κατὰ
725 3725 783 3793 τὸν
806 3722 906 3794 αὐτὸν
929 3728 1026 3813 λόγον
1049 3734 1225 3813 συμβαίνει
1245 3734 1313 3797 τῶν

158 3834 289 3915 ἵππων,
313 3827 382 3901 ’ἐστ’
417 3825 457 3900 lb
487 3832 699 3912 ἐξισωθῶσιν
727 3823 883 3918 ἀλληλοις
912 3828 996 3896 κατὰ
1024 3834 1083 3916 τῆς
1111 3830 1251 3918 πρῴρας
1272 3830 1310 3898 τὸ

160 3935 324 4021 ἔμβολον).
361 3938 452 4004 Haec
474 3945 619 4004 extrema
641 3955 761 4020 eorum,
784 3953 867 4016 quae
887 3935 983 4000 modo
1005 3936 1108 4017 attuli,
1131 3937 1312 4002 Pausaniae

159 4043 333 4108 verborum
354 4061 419 4106 non
440 4039 487 4106 sic
509 4038 728 4121 intellegenda
748 4044 836 4119 sunt,
864 4043 898 4102 nt
918 4055 1020 4119 prope
1041 4043 1178 4104 rostrum
1201 4058 1312 4106 omnes

21 4490 354 4742 Ι
