3088 4774
250 271 293 332 ab
646 271 679 324 A.
706 269 757 326 DE
775 269 1012 325 elucubrans.

338 443 459 526 Restat,
481 448 516 508 nt
530 442 653 508 medii
668 443 836 525 agonistae
850 441 1020 508 commoda
1035 447 1068 506 et
1082 438 1201 504 damna
1215 438 1410 523 pendamus.

253 547 285 610 Is
308 544 460 626 quoniam
481 545 585 611 locum
600 545 684 611 inter
705 545 868 610 sinistrum
890 549 922 609 et
944 543 1092 609 dextrum
1107 541 1249 608 medium
1263 541 1411 622 tenebat,

252 647 300 712 sio
322 646 418 710 etlam
441 645 677 712 commodorum
701 651 733 712 et
754 646 1026 712 incommodorum
1052 644 1215 724 utriusque
1238 639 1411 708 dimidium

253 747 406 815 habuisse
428 745 576 812 concludi
598 747 682 812 licet.
725 746 775 811 Ne
798 766 874 813 vero
897 746 1122 831 superantibus
1145 744 1294 810 cornibus
1316 744 1410 826 panl-

253 851 343 915 latim
369 854 541 914 retrorsum
569 848 805 932 extruderetur,
833 848 869 914 id
896 848 1071 932 perieulum
1103 866 1140 912 eo
1164 853 1411 930 compensatum

255 950 366 1034 video,
389 947 476 1031 quod
498 950 678 1017 recentibus
700 949 792 1033 equis
813 949 1005 1016 novissimus
1028 949 1069 1014 ab
1092 947 1211 1032 oppido
1233 947 1412 1031 profectus,

254 1073 325 1118 cum
349 1051 447 1117 ceteri
468 1051 533 1116 iam
556 1070 614 1134 per
627 1051 824 1133 aliquantum
839 1051 937 1135 spatii
950 1069 1051 1132 equos
1070 1049 1221 1134 egissent,
1243 1057 1412 1116 crescente

256 1151 373 1218 deinde
395 1153 559 1218 celeritate
580 1152 614 1218 in
635 1172 711 1218 arcu
734 1153 922 1218 certantium
945 1152 1038 1234 quasi
1060 1152 1266 1217 cuneabatur.

340 1255 493 1320 Videmus
514 1253 619 1334 igitur,
642 1254 670 1318 si
693 1261 792 1320 totam
815 1274 882 1319 rem
904 1253 1012 1320 animo
1034 1253 1139 1320 denno
1154 1252 1412 1337 complectimur,

256 1357 419 1422 Oleoetam
441 1375 504 1420 non
518 1355 630 1420 'solum
653 1375 690 1422 eo
714 1354 917 1422 condiciones
932 1374 1141 1439 exaequasse,
1164 1354 1251 1436 quod
1273 1356 1345 1420 vias
1366 1353 1413 1420 ad

256 1458 446 1523 exteriorem
474 1462 592 1522 metam
619 1457 875 1538 consequendam
903 1477 998 1541 pares
1026 1457 1116 1538 lecit,
1147 1457 1205 1522 sed
1234 1475 1273 1523 eo
1302 1458 1412 1539 etiam,

257 1559 344 1641 quod
372 1557 540 1623 commoda
568 1564 600 1623 et
628 1558 831 1624 incommoda
860 1561 1057 1640 singularum
1082 1558 1273 1642 stationum,
1302 1559 1412 1643 quoad

256 1659 369 1745 potuit,
393 1660 622 1744 compensavit.
645 1696 686 1705 -

341 1759 524 1827 Redeamus
545 1782 638 1846 nunc,
661 1762 812 1844 quoniam
833 1761 930 1828 finem
953 1761 1050 1828 totius
1069 1761 1190 1825 inventi
1212 1760 1411 1828 demonstra-

257 1864 371 1944 vimus,
385 1861 432 1927 ad
448 1863 637 1947 oppidum
652 1863 936 1948 rationemque
953 1863 1144 1929 mittendi
1161 1863 1411 1947 diligentius

258 1965 584 2049 contemplanda.
627 1965 675 2029 Ae
703 1966 805 2048 primo
835 1965 964 2047 quidem
993 1966 1063 2030 loco
1092 1964 1270 2048 designo
1294 1966 1411 2049 dicam,

258 2087 320 2152 quo
349 2066 425 2133 dato
454 2067 585 2133 missum
612 2068 663 2134 sit.
708 2068 885 2133 Pausanias
916 2065 995 2132 haee
1017 2073 1125 2132 narrat
1148 2065 1232 2149 (10):
1261 2067 1412 2153 „Astale

259 2168 295 2233 δὲ
318 2165 375 2234 ἐπὶ
403 2166 542 2245 κανόνος
570 2165 654 2233 κατὰ
685 2161 784 2249 ἄκρον
812 2166 959 2250 μάλιστα
987 2164 1024 2232 τὸ
1056 2165 1197 2250 ’ἔμβολον
1223 2172 1412 2254 πεποίηται

256 2271 398 2352 χαλκοῦς
399 2320 507 2336 .....
552 2270 638 2354 (12):
657 2263 775 2347 Ἀετὸς
797 2269 833 2335 δὲ
857 2268 914 2335 ἐπὶ
936 2272 985 2355 τῴ
1006 2271 1112 2354 βωμῷ
1130 2269 1273 2350 χαλκοῦς
1294 2283 1411 2349 κεῖται,

257 2370 300 2437 τὰ
323 2368 431 2456 πτερὰ
454 2369 512 2436 ἐπὶ
534 2370 694 2460 μήκιστον
717 2371 879 2438 ἐκτείνων.
925 2365 1072 2438 ἀνακινεῖ
1098 2370 1159 2453 μὲν
1182 2368 1221 2458 δὴ
1243 2368 1282 2437 τὸ
1307 2369 1342 2437 ἐν
1364 2375 1412 2456 τῷ

258 2475 363 2558 βωμῷ
384 2471 562 2560 μηχάνημα
583 2469 601 2538 ὁ
625 2479 824 2560 τεταγμένος
846 2471 904 2539 ἐπὶ
927 2477 976 2559 τῷ
999 2471 1129 2558 δρόμῳ·
1153 2465 1412 2560 ἀνακινηθέντος

259 2574 296 2640 δὲ
319 2569 336 2639 ὁ
360 2572 420 2656 μὲν
443 2571 477 2651 ἐς
497 2572 535 2640 τὸ
560 2569 630 2639 ἄνω
653 2582 840 2664 πεποίηται
863 2570 1006 2662 αηόἇνὸ
1029 2567 1136 2654 ἀετός,
1160 2569 1207 2651 ὥς
1221 2587 1293 2652 τοῖς
1315 2567 1412 2663 ἥκον-

260 2698 314 2742 οιν
337 2672 395 2741 ἐπὶ
416 2672 476 2764 τὴν
499 2679 586 2741 θέαν
606 2682 766 2761 γίνεσθαι
789 2676 964 2758 σύνοπτος,
988 2672 1005 2744 ὃ
1032 2677 1149 2763 δελφὶς
1173 2675 1208 2741 δὲ
1231 2674 1264 2753 ἐς
1287 2675 1412 2763 ’ἔδαφος

260 2784 382 2844 πίπτει
390 2783 413 2843 “.
446 2778 526 2844 Cum
548 2798 651 2861 neque
674 2799 769 2862 quem
792 2780 833 2846 ad
855 2779 950 2847 finem
974 2800 1078 2862 neque
1100 2799 1162 2861 quo
1186 2785 1329 2863 tempore
1351 2780 1412 2845 hae

260 2881 427 2948 machinae
442 2880 505 2944 siut
521 2889 634 2964 motae,
658 2887 768 2964 aperte
785 2883 904 2948 dictam
927 2883 976 2965 sit,
998 2888 1142 2948 nostrum
1165 2885 1214 2946 est
1237 2881 1317 2948 haec
1339 2900 1411 2948 con·

258 2985 353 3051 icere.
406 2982 455 3048 De
483 2988 626 3066 tempore
655 3003 749 3050 nemo
779 2984 954 3069 dubitabit,
989 2982 1147 3066 siquidem
1176 2983 1209 3046 in
1239 2983 1300 3065 eis,
1330 3002 1411 3066 quae

179 3095 182 3102 '
261 3085 409 3151 continuo
432 3091 621 3168 sequuntur,
652 3084 759 3150 verbis
782 3085 865 3151 inest
887 3086 987 3171 ipsius
1002 3086 1118 3152 missus
1133 3084 1306 3151 enarratio:
1338 3104 1411 3168 ergo

260 3193 335 3253 ante
357 3187 489 3250 missum
512 3185 631 3251 factum
654 3192 711 3252 est.
745 3187 857 3252 Finem
880 3189 958 3253 mihi
981 3187 1129 3254 videntur
1148 3185 1292 3253 indicare
1314 3186 1411 3251 verba

260 3290 332 3355 illa:
355 3281 401 3362 ὡς
422 3297 493 3361 τοῖς
514 3277 649 3369 ἥκουσιν
672 3284 730 3354 ἐπὶ
752 3284 812 3374 τὴν
834 3293 921 3354 θέαν
941 3294 1101 3374 γίνεσθαι
1123 3286 1298 3364 σύνοπτος.
1340 3288 1410 3353 Ete-

261 3390 327 3458 nim
350 3389 514 3455 machinas
536 3387 610 3454 ideo
633 3395 707 3456 ante
730 3390 861 3456 missum
884 3399 988 3457 motas
1011 3411 1081 3457 esse
1108 3411 1238 3476 censeo,
1267 3397 1301 3455 ut
1323 3408 1409 3473 spec·

262 3491 417 3558 tatoribus
439 3489 523 3554 inter
545 3508 579 3553 se
601 3491 857 3572 colloquentibus
872 3500 905 3558 et
919 3494 1029 3559 oculos
1044 3509 1171 3573 quoquo
1188 3512 1298 3559 versus
1321 3511 1409 3556 aver·

263 3594 402 3660 tentibus
424 3590 539 3656 missus
561 3592 669 3657 statim
690 3593 830 3659 faciendi
851 3595 975 3676 signum
1005 3592 1078 3657 sint.
1122 3591 1229 3671 Quare
1252 3615 1323 3661 cnm
1347 3593 1409 3657 del·

262 3697 378 3781 phinus
399 3699 465 3759 tum
489 3694 600 3774 aquila
621 3700 711 3759 tanta
726 3696 944 3776 magnitudine
961 3700 1060 3774 erant,
1082 3700 1117 3757 ut
1137 3696 1294 3777 omnihus,
1317 3695 1408 3761 etiam

263 3796 415 3862 extremis
430 3797 602 3878 conspicua
618 3804 732 3861 essent.
763 3796 842 3862 lllae
857 3797 1024 3862 machinae
1041 3797 1153 3876 quales
1168 3796 1295 3882 fuerint,
1311 3805 1410 3863 utrum

263 3898 433 3964 tractoriae
455 3917 497 3962 an
519 3898 709 3983 vectiariae,
731 3900 784 3964 vel
807 3919 881 3964 num
905 3899 1034 3979 aquilae
1057 3905 1090 3963 et
1111 3897 1254 3983 delphini
1276 3899 1409 3965 interae

264 4000 451 4067 coniunctae
479 3999 613 4081 fuerint,
642 4000 726 4080 quod
757 3998 836 4064 mihi
864 4008 994 4085 propter
1022 3999 1285 4083 longinquitatem
1312 4002 1411 4067 minus
