3088 4774
831 1174 870 1237 A.

534 1279 538 1290 ’
664 1319 726 1406 nn
754 1320 1049 1405 onnmnnus.

365 1526 556 1610 Priusquam
571 1526 615 1593 ad
629 1527 718 1610 ipsos
733 1545 877 1594 carceres
893 1527 1122 1596 describendos
1137 1526 1303 1611 accedam,
1322 1530 1447 1612 paucis

279 1629 500 1711 lineamentis,
533 1647 618 1711 quae
646 1628 777 1712 quidem
805 1628 849 1695 ad
877 1630 1074 1697 intellectum
1102 1631 1286 1696 neccssaria
1313 1637 1444 1713 putem,

280 1732 378 1798 totius
411 1729 617 1814 hippodromi
649 1731 816 1797 sormam
849 1731 1030 1799 delineabo.
1081 1732 1131 1798 De
1160 1729 1222 1797 hac
1252 1732 1333 1814 quid
1368 1734 1444 1816 ipse

280 1835 428 1916 sentiret,
462 1851 588 1899 mecum
616 1831 781 1900 (turtius
809 1832 1134 1904 Waohsmuthius
1167 1835 1440 1914 communicavit3

281 1936 409 2020 scripsit
429 1955 507 2002 vero
530 1935 625 2001 haec:
1516 2017 1517 2020 ρ

363 2031 560 2105 ‘Dolendum
579 2058 657 2104 sane
672 2044 722 2105 est
736 2060 777 2105 ne
791 2059 875 2105 nunc
890 2037 1020 2121 quidem
1036 2042 1136 2103 totam
1152 2037 1243 2102 illam
1256 2035 1436 2118 regionem,
1516 2095 1517 2112 ,

182 2147 183 2154 ’
282 2143 315 2208 in
344 2161 408 2225 qua
429 2140 659 2224 hippodromus
686 2141 801 2224 iacuit,
830 2138 980 2207 effossam
1010 2159 1081 2206 esse
1109 2140 1219 2221 itaque
1245 2157 1303 2204 nos
1333 2137 1435 2220 firmo,
1516 2119 1517 2164 l

283 2265 347 2328 quo
368 2244 428 2309 niti
450 2243 620 2326 possimus,
642 2241 849 2309 fundamento
865 2244 962 2325 plane
977 2260 1097 2308 carere.
1136 2240 1342 2307 Probabilem
1357 2260 1434 2305 vero

282 2345 370 2410 illius
399 2344 541 2426 speciem
569 2349 605 2408 ut
629 2362 870 2425 recuperemus,
903 2345 1032 2411 videtur
1060 2341 1140 2409 milri
1169 2341 1433 2426 proficiscendum

283 2463 355 2510 esse
376 2444 419 2509 ab
442 2463 490 2524 eo,
514 2461 577 2524 quo
592 2442 806 2523 aequabilitas
822 2446 1007 2528 ceteroquin
1028 2446 1061 2510 in
1082 2444 1197 2511 stadiis
1213 2443 1432 2526 similibusque

282 2545 432 2628 operibus
461 2543 594 2610 Graccis
627 2546 801 2627 conspicua
834 2548 1061 2630 corrumpitur,
1096 2545 1184 2629 quod
1211 2551 1321 2611 tamen
1349 2541 1432 2613 certo

281 2646 463 2712 Pausaniae
485 2646 666 2713 testimonio
689 2653 814 2713 constat
834 2646 971 2715 dicentis
993 2649 1104 2732 vluo,
1123 2651 1177 2713 15:
1206 2650 1431 2732 παρεχομένου

281 2749 340 2812 τοῦ
363 2743 579 2833 ἱπποδρόμου
601 2745 817 2835 παρήκουσαν
846 2745 879 2826 ἐς
900 2749 1005 2815 πλέον
1026 2745 1086 2835 τὴν
1108 2746 1224 2835 ἑτέραν
1245 2751 1312 2814 τῶν
1333 2750 1431 2814 πλευ-

1515 1685 1517 1740 l

282 2852 349 2933 ρῶν
377 2846 468 2916 ἔστιν
497 2846 556 2916 ἐπὶ
583 2847 643 2938 τὴς
670 2847 822 2933 μείζονος
849 2851 997 2937 πλευροῖς
1016 2851 1085 2916 κτλ.
1129 2851 1168 2918 Id
1195 2853 1301 2935 ipsum
1329 2859 1431 2917 autem
1514 2939 1515 2942 Ἴ

281 2955 338 3020 vix
363 2954 482 3036 poterit
509 2955 683 3038 explicari,
711 2955 775 3021 nisi
803 2953 886 3021 haec
912 2954 977 3022 duo
1005 2961 1191 3022 statuamus.
1239 2953 1269 3031 1)
1296 2952 1373 3019 Sola
1398 2955 1429 3018 in
1514 2957 1515 2980 ¹

283 3056 398 3123 dextra
418 3062 510 3139 parte
532 3055 685 3140 oppidum
699 3047 835 3140 (ἄφεσις
849 3057 916 3124 τῶν
931 3054 1064 3134 ἵππων)
1078 3061 1258 3122 extructum
1273 3060 1323 3122 est
1336 3054 1428 3138 idque

283 3160 413 3241 oblique
434 3157 478 3225 ad
501 3160 693 3224 exteriorem
715 3166 833 3226 metam
856 3167 1005 3244 spectans
1027 3160 1082 3242 ita,
1105 3165 1140 3224 ut
1154 3158 1269 3225 dextro
1290 3159 1427 3240 margine

281 3281 341 3344 per
369 3278 516 3343 campum
545 3261 692 3327 introitus
721 3262 866 3328 curribus
894 3262 1042 3345 patuerit.
1087 3261 1120 3335 2)
1141 3261 1179 3325 In
1201 3259 1315 3327 eadem
1344 3266 1426 3343 parte

283 3363 364 3428 citra
391 3360 546 3444 oppidum
574 3362 672 3428 iacuit
693 3363 836 3445 Agnapti
860 3365 1019 3446 porticus,
1047 3361 1137 3427 cuius
1163 3363 1284 3428 mentio
1311 3381 1371 3428 non
1393 3360 1426 3426 fit
1513 3367 1514 3392 l

282 3464 346 3531 nisi
367 3464 536 3530 coniuncta
565 3482 637 3529 cum
666 3463 796 3546 oppido.
841 3463 912 3541 Quo
940 3467 1073 3546 accepto
1100 3469 1188 3528 recte
1216 3463 1364 3548 efficitur,
1394 3469 1425 3528 ut

284 3565 433 3632 dextrum
447 3565 531 3631 latus
551 3565 680 3631 sinistro
695 3566 800 3649 magis
816 3563 1028 3632 contrahatur.
1066 3563 1244 3647 Utrumque
1259 3585 1334 3632 vero
1348 3564 1423 3648 quod
1512 3619 1513 3644 ,

282 3669 447 3752 posuimus
476 3666 601 3733 duabus
628 3673 798 3749 praeterea
818 3659 994 3733 rationibus
1017 3666 1251 3748 comprobatur.
1295 3667 1422 3732 Primum

282 3770 372 3837 locus
394 3771 461 3853 ille,
484 3769 539 3852 qui
561 3768 604 3834 ad
622 3767 769 3834 dextram
790 3769 929 3852 porticus
944 3767 1031 3833 alam
1046 3768 1208 3850 pertinuit,
1230 3775 1265 3833 ut
1279 3775 1420 3851 spectato·

282 3871 371 3937 ribus
386 3871 509 3938 inutilis
523 3870 594 3953 suit,
616 3871 663 3935 ita
677 3871 818 3936 maxime
832 3869 977 3952 idoneus,
1000 3875 1110 3952 utpote
1126 3889 1248 3952 aequus
1264 3876 1297 3936 et
1310 3871 1419 3954 planus,

283 3972 469 4040 extruendis
491 3972 556 4039 illis
571 3972 737 4055 altaribus,
759 3990 843 4053 quae
857 3969 1036 4037 Pausanias
1054 3970 1083 4036 V
1101 3974 1150 4056 15,
1167 3977 1186 4036 5
1209 3977 1419 4038 commemorat

282 4070 381 4152 (ἰόντι
404 4068 461 4137 ἐπὶ
489 4069 550 4157 τὴν
572 4066 694 4158 ὄφεσιν
715 4073 783 4137 τῶν
804 4070 923 4137 ἵππων
946 4069 1267 4155 decucurrisset).
1310 4073 1418 4140 Deinde
