3088 4774
251 293 291 352 58
643 293 677 346 A.
705 293 755 347 DE
774 292 1011 350 CARGERIBUS.

251 467 400 533 teriorem
414 473 531 531 metam
547 473 716 549 spectaret.
754 465 955 550 Quapropter
975 488 1039 534 non
1061 473 1196 550 suaque
1212 466 1324 550 oppidi
1340 468 1413 550 ala,

252 588 331 651 quas
358 568 430 651 pari
458 567 660 651 longitudine
686 569 786 634 fuisse
808 568 986 635 Pausanias
1008 574 1143 635 testatur
1165 571 1233 646 (112
1264 565 1414 650 ἑκατέρα

250 668 310 753 μὲν
344 665 384 756 δὴ
417 666 546 752 πλευρὰ
573 671 632 756 τῆς
662 661 815 754 ἀφέσεως
850 670 953 735 πλέον
981 657 1002 754 ἢ
1029 673 1264 753 τετρακοσίους
1291 669 1414 746 πόδας

251 775 433 857 παρέχωσι
460 773 520 836 τοῦ
547 769 697 858 μήκους),
727 772 785 839 sed
814 775 884 839 sola
909 773 1038 839 sinistra
1059 773 1216 855 porticum
1244 775 1413 856 attingere

250 880 389 959 poterat:
419 874 553 940 dextrae
580 873 653 940 finis
680 875 777 957 paulo
805 875 978 957 proiectior
1005 875 1051 940 ibi
1073 874 1242 956 erat,.ubi
1265 875 1412 941 circulus

250 977 342 1042 radio
357 976 437 1044 ‚Mrs
466 977 584 1044 circum
613 975 658 1042 Μι
690 975 868 1059 descriptus
897 975 1045 1042 dextrum
1072 977 1169 1042 totius
1199 975 1414 1060 hippodromi

250 1079 429 1161 marginem
449 1086 551 1152 secat,
577 1083 613 1142 nt
633 1079 739 1160 spatia
760 1078 832 1146 MrS
856 1085 888 1144 et
909 1078 989 1144 Μελ)
1011 1079 1094 1144 inter
1115 1098 1150 1144 se
1171 1079 1265 1160 paria
1287 1085 1412 1145 essent.

250 1180 375 1246 Ibidem
398 1178 470 1245 finis
493 1185 562 1244 erat
583 1178 690 1244 dextri
712 1179 915 1262 hippodromi
935 1180 1055 1261 lateris,
1079 1179 1166 1262 quod
1180 1180 1318 1262 amplius
1333 1199 1412 1263 per-

251 1284 353 1348 tinere
376 1300 438 1346 non
460 1299 540 1362 opus
557 1287 634 1364 erat,
658 1300 721 1363 quo
736 1281 780 1366 fit,
803 1289 889 1346 utre
904 1301 983 1348 vera
1004 1282 1155 1349 collinum
1177 1282 1261 1346 latus
1283 1301 1412 1364 aggere

251 1384 381 1449 brevius
404 1383 454 1448 sit.
498 1382 561 1446 Per
583 1385 737 1466 spatium,
762 1382 847 1465 quod
870 1384 952 1448 inter
975 1384 1126 1450 collinum
1147 1384 1230 1449 latus
1252 1389 1285 1448 et
1306 1384 1411 1466 porti-

251 1505 324 1550 cum
348 1484 473 1568 hiabat,
504 1485 693 1550 introibatur
721 1486 754 1549 in
783 1485 952 1568 oppidum,
980 1485 1090 1567 ibique
1119 1485 1300 1568 complures
1328 1504 1410 1550 arae

250 1587 377 1669 positae
399 1593 499 1669 erant,
522 1607 602 1670 quas
624 1587 802 1652 Pausanias
819 1587 844 1650 V
862 1591 947 1669 15,5
971 1594 1145 1662 enumerat.

336 1689 484 1756 Rostrum
499 1690 672 1756 admodum
687 1689 829 1771 amplum
843 1697 920 1773 erut,
937 1708 1008 1754 oum
1021 1695 1170 1770 quattuor
1184 1689 1248 1755 aris
1264 1691 1408 1771 spatium

251 1791 430 1875 praeberet,
454 1812 495 1858 ex
511 1794 626 1875 quibus
642 1812 715 1874 una,
738 1789 961 1874 Nympharum
977 1790 1202 1873 Acmenarum,
1224 1792 1257 1855 in
1279 1793 1409 1873 postica

215 1919 224 1940 ν
252 1895 321 1960 eius
342 1899 433 1977 parte
456 1901 618 1961 exstructa
640 1893 700 1958 luit
721 1893 761 1971 (V
779 1897 834 1975 15,
856 1895 892 1957 6:
923 1889 956 1967 ἐς
986 1889 1023 1954 δὲ
1051 1882 1152 1957 αὐτὸν
1179 1889 1239 1956 τὸν
1262 1890 1406 1974 ἔμβολον

252 1993 462 2061 ἐσελθόντων
494 1994 600 2082 Τύχης
629 1992 719 2059 ἐστὶν
748 1986 879 2081 ἀγαθῆς
912 1990 1028 2075 βωμὸς
1055 1995 1111 2059 καὶ
1140 1991 1257 2070 Πανός
1283 2017 1321 2059 τε
1349 1995 1406 2060 καὶ

247 2089 468 2186 Ἀφροδίτης,
492 2095 657 2162 ἐνδοτάτω
681 2095 717 2160 δὲ
738 2097 798 2160 τοῦ
821 2093 963 2179 ἐμβόλου
986 2096 1157 2181 Νυμφῶν,
1180 2093 1220 2172 ἃς
1237 2088 1407 2183 Ἀκμηνὰς

251 2202 432 2280 καλοῦσιν).
475 2202 558 2267 Alae
585 2219 716 2283 prorae,
746 2219 826 2283 quas
853 2219 916 2265 non
945 2197 1109 2280 derectas,
1139 2198 1196 2264 sed
1225 2207 1404 2266 extrorsum

252 2311 401 2370 curvatus
423 2305 522 2369 luisse
545 2303 703 2398 existimo,
727 2302 804 2382 quia
824 2302 919 2367 aliter
941 2321 1005 2367 non
1026 2316 1153 2383 semper
1167 2321 1296 2384 proram
1311 2303 1404 2368 navis

252 2409 320 2483 (102
342 2406 524 2484 aspexerat
538 2401 598 2484 μὲν
614 2397 671 2465 οὖν
687 2403 796 2484 σχῆμα
810 2395 830 2487 ἡ
848 2395 969 2486 ἄφεσις
983 2399 1067 2466 κατὰ
1082 2404 1253 2487 πρῴραν
1277 2401 1403 2482 νεώς),
1519 2473 1520 2476 ¹

252 2508 309 2573 sed
332 2507 525 2588 triangulum
547 2504 653 2586 potins
675 2503 852 2569 Pausanias
875 2523 948 2570 eam
969 2506 1174 2589 appellasset,
1197 2525 1343 2574 carceres
1362 2506 1404 2572 ad

252 2607 454 2691 recipiendas
476 2606 650 2689 quadrigas
673 2605 750 2670 satis
773 2605 897 2687 amplos
920 2605 1082 2672 habebant
1101 2609 1170 2684 (112
1192 2598 1403 2695 ᾠκοδόμηται

253 2708 289 2774 δὲ
311 2706 345 2772 ἓν
361 2700 477 2784 αὐταῖς
500 2703 585 2794 [ταῖς
599 2706 761 2791 πλευραῖς
775 2706 834 2790 τῆς
851 2697 1014 2794 ἀφέσεως]
1038 2705 1223 2794 οἰκήματα).
1261 2709 1401 2788 Quorum

252 2831 416 2878 carcerum
443 2812 603 2893 utrimque
631 2817 801 2875 retrorsum
830 2810 871 2874 ab
901 2811 1028 2877 embolo
1054 2831 1134 2878 unus
1156 2831 1281 2895 semper
1301 2813 1401 2878 altero

251 2916 324 2998 plus
339 2912 512 2980 recedebat
532 2912 748 2978 crescentibus
762 2917 893 2995 propter
907 2919 1109 2979 curvaturam
1124 2914 1292 2996 paullatim
1307 2915 1399 2979 inter-

252 3017 362 3102 vallis,
384 3022 420 3081 ut
441 3016 547 3082 exitus
569 3035 733 3082 carcerum
754 3033 856 3096 prope
878 3014 921 3080 ad
942 3017 1100 3098 porticum
1122 3016 1254 3081 sitorum
1276 3017 1398 3098 longius

251 3120 335 3184 inter
364 3138 399 3185 se
428 3117 583 3184 distarent
611 3137 706 3200 quam
733 3135 833 3199 prope
861 3122 1006 3182 rostrum.
1051 3117 1234 3200 vergebant
1261 3107 1397 3184 universi

252 3219 295 3286 ad
318 3219 509 3285 exteriorem
530 3225 664 3301 metam,
692 3236 884 3300 quamquam
907 3219 1064 3299 parietum
1088 3219 1242 3286 introrsus
1270 3220 1397 3285 inclina-

252 3322 371 3387 tionem
400 3326 530 3402 propter
557 3319 811 3402 magnitudinem
841 3318 1012 3384 distantiae
1041 3317 1137 3400 (luter
1158 3320 1204 3388 llr
1229 3328 1261 3387 et
1282 3321 1320 3398 F)
1344 3322 1396 3386 vix

252 3420 536 3488 animadverteres.
573 3422 657 3486 Ante
671 3425 842 3503 certamen,
865 3438 960 3501 quam
982 3421 1117 3502 quisque
1136 3424 1324 3489 certantium
1338 3429 1394 3488 sta·

251 3524 371 3589 tionem
400 3524 528 3588 sortitus
551 3528 635 3606 erat,
664 3523 697 3587 in
721 3543 760 3588 ea
782 3520 978 3588 consistebat
1006 3524 1074 3598 (112
1103 3523 1207 3586 ταῦτα
1228 3519 1393 3610 κληρωτὰ

253 3622 418 3709 οἰκήματα
432 3620 707 3706 διαλαγχάνουσιν
723 3621 757 3687 ολ
772 3619 917 3699 ἐσιόντες
933 3619 967 3697 ἒς
979 3618 1039 3686 τὸν
1055 3613 1166 3705 lystra
1180 3627 1247 3689 τῶν
1261 3623 1393 3704 ἵππων).

252 3726 371 3793 Prorae
393 3726 456 3791 tria
469 3727 571 3792 latera
586 3725 725 3808 spatium
740 3732 884 3808 apertum
900 3724 1202 3812 complectebantur,
1226 3729 1281 3794 ubi
1296 3728 1393 3794 diver·

252 3847 309 3894 sae
325 3846 402 3894 arae
416 3834 598 3894 exstructae
613 3833 704 3893 erant
719 3827 757 3901 (V
772 3832 821 3909 15,
838 3833 873 3891 5:
898 3823 931 3890 ἐν
948 3823 984 3891 δὲ
999 3826 1067 3890 τῶν
1081 3824 1200 3892 ἵππων
1213 3831 1255 3914 τῇ
1271 3823 1392 3915 ἀφέσει,

254 3924 288 3992 ἓν
309 3927 371 4010 μὲν
392 3929 441 4012 τῷ
462 3923 662 4013 ὑπαίθρῳ
684 3929 744 4012 τῆς
766 3919 919 4012 ἀφέσεως
940 3927 1032 4006 κτλ).

339 4029 564 4107 Quaerendum
590 4049 675 4096 nunc
696 4037 760 4114 est,
790 4029 981 4112 quidnam
1010 4030 1199 4100 (lleoetas
1227 4033 1391 4100 difficili
