<?xml version="1.0" encoding="UTF-8"?>
<!DOCTYPE html PUBLIC "-//W3C//DTD XHTML 1.0 Transitional//EN"
    "http://www.w3.org/TR/xhtml1/DTD/xhtml1-transitional.dtd">
<html xmlns="http://www.w3.org/1999/xhtml" xml:lang="en" lang="en">
 <head>
  <title>
</title>
<meta http-equiv="Content-Type" content="text/html;charset=utf-8" />
  <meta name='ocr-system' content='tesseract 3.04.00' />
  <meta name='ocr-capabilities' content='ocr_page ocr_carea ocr_par ocr_line ocrx_word'/>
</head>
<body>
  <div class='ocr_page' id='page_1' title='image "./hippodromica01pollgoog_0069.png"; bbox 0 0 3088 4774; ppageno 0'>
   <div class='ocr_carea' id='block_1_1' title="bbox 534 346 1293 407">
    <p class='ocr_par' dir='ltr' id='par_1_1' title="bbox 534 346 1293 407">
     <span class='ocr_line' id='line_1_1' title="bbox 534 346 1293 407; baseline 0.009 -7"><span class='ocrx_word' id='word_1_1' title='bbox 534 347 568 402; x_wconf 87' lang='grc' dir='ltr'>Δ.</span> <span class='ocrx_word' id='word_1_2' title='bbox 595 346 646 401; x_wconf 77' lang='grc' dir='ltr'>ΒΕ</span> <span class='ocrx_word' id='word_1_3' title='bbox 664 346 899 402; x_wconf 81' lang='lat' dir='ltr'><strong>GARCERIBUS.</strong></span> <span class='ocrx_word' id='word_1_4' title='bbox 1253 349 1293 407; x_wconf 84' lang='lat'>59</span> 
     </span>
    </p>
   </div>
   <div class='ocr_carea' id='block_1_2' title="bbox 140 519 1298 2542">
    <p class='ocr_par' dir='ltr' id='par_1_2' title="bbox 140 519 1296 1929">
     <span class='ocr_line' id='line_1_2' title="bbox 141 519 1292 602; baseline 0.003 -18"><span class='ocrx_word' id='word_1_5' title='bbox 141 519 217 586; x_wconf 91' lang='lat' dir='ltr'>hac</span> <span class='ocrx_word' id='word_1_6' title='bbox 245 539 290 585; x_wconf 90' lang='lat' dir='ltr'>ac</span> <span class='ocrx_word' id='word_1_7' title='bbox 317 519 419 585; x_wconf 91' lang='lat' dir='ltr'>mira</span> <span class='ocrx_word' id='word_1_8' title='bbox 446 519 587 602; x_wconf 86' lang='lat' dir='ltr'>oppidi</span> <span class='ocrx_word' id='word_1_9' title='bbox 618 522 921 588; x_wconf 87' lang='lat' dir='ltr'>constructione</span> <span class='ocrx_word' id='word_1_10' title='bbox 955 522 1073 588; x_wconf 90' lang='lat' dir='ltr'>effici</span> <span class='ocrx_word' id='word_1_11' title='bbox 1102 522 1292 588; x_wconf 88' lang='lat' dir='ltr'>voluerit.</span> 
     </span>
     <span class='ocr_line' id='line_1_3' title="bbox 141 620 1293 707; baseline 0.003 -21"><span class='ocrx_word' id='word_1_12' title='bbox 141 620 215 700; x_wconf 81' lang='lat' dir='ltr'>Qua</span> <span class='ocrx_word' id='word_1_13' title='bbox 229 621 263 686; x_wconf 93' lang='lat' dir='ltr'>in</span> <span class='ocrx_word' id='word_1_14' title='bbox 278 640 313 686; x_wconf 92' lang='lat' dir='ltr'>re</span> <span class='ocrx_word' id='word_1_15' title='bbox 329 640 401 686; x_wconf 92' lang='lat' dir='ltr'>eum</span> <span class='ocrx_word' id='word_1_16' title='bbox 415 641 437 686; x_wconf 89' lang='lat' dir='ltr'>a</span> <span class='ocrx_word' id='word_1_17' title='bbox 451 621 622 705; x_wconf 82' lang='lat' dir='ltr'>Periegeta</span> <span class='ocrx_word' id='word_1_18' title='bbox 635 627 742 688; x_wconf 91' lang='lat' dir='ltr'>nostro</span> <span class='ocrx_word' id='word_1_19' title='bbox 757 643 886 706; x_wconf 90' lang='lat' dir='ltr'>prorsus</span> <span class='ocrx_word' id='word_1_20' title='bbox 909 622 1129 707; x_wconf 81' lang='lat' dir='ltr'><strong>destituamur,</strong></span> <span class='ocrx_word' id='word_1_21' title='bbox 1151 630 1293 690; x_wconf 89' lang='lat' dir='ltr'>nostrum</span> 
     </span>
     <span class='ocr_line' id='line_1_4' title="bbox 141 721 1294 809; baseline 0.001 -19"><span class='ocrx_word' id='word_1_22' title='bbox 141 731 205 807; x_wconf 87' lang='lat' dir='ltr'>est,</span> <span class='ocrx_word' id='word_1_23' title='bbox 235 722 279 788; x_wconf 91' lang='lat' dir='ltr'>ad</span> <span class='ocrx_word' id='word_1_24' title='bbox 301 742 396 806; x_wconf 91' lang='lat' dir='ltr'>quem</span> <span class='ocrx_word' id='word_1_25' title='bbox 421 721 517 788; x_wconf 89' lang='lat' dir='ltr'>finem</span> <span class='ocrx_word' id='word_1_26' title='bbox 539 723 742 807; x_wconf 84' lang='lat' dir='ltr'>pertinuerit,</span> <span class='ocrx_word' id='word_1_27' title='bbox 771 725 966 806; x_wconf 83' lang='lat' dir='ltr'>excogitare.</span> <span class='ocrx_word' id='word_1_28' title='bbox 1009 726 1164 809; x_wconf 77' lang='lat' dir='ltr'>Princeps</span> <span class='ocrx_word' id='word_1_29' title='bbox 1187 733 1294 793; x_wconf 89' lang='lat' dir='ltr'>autem</span> 
     </span>
     <span class='ocr_line' id='line_1_5' title="bbox 140 823 1295 908; baseline 0.001 -16"><span class='ocrx_word' id='word_1_30' title='bbox 140 825 392 907; x_wconf 90' lang='lat' dir='ltr'>uniuscuiusque</span> <span class='ocrx_word' id='word_1_31' title='bbox 414 824 526 907; x_wconf 87' lang='lat' dir='ltr'>oppidi</span> <span class='ocrx_word' id='word_1_32' title='bbox 548 823 621 890; x_wconf 90' lang='lat' dir='ltr'>linis</span> <span class='ocrx_word' id='word_1_33' title='bbox 642 825 671 891; x_wconf 93' lang='lat' dir='ltr'>is</span> <span class='ocrx_word' id='word_1_34' title='bbox 694 831 752 908; x_wconf 91' lang='lat' dir='ltr'>est,</span> <span class='ocrx_word' id='word_1_35' title='bbox 777 834 812 891; x_wconf 93' lang='lat' dir='ltr'>ut</span> <span class='ocrx_word' id='word_1_36' title='bbox 834 827 992 893; x_wconf 88' lang='lat' dir='ltr'>universis</span> <span class='ocrx_word' id='word_1_37' title='bbox 1014 828 1208 894; x_wconf 89' lang='lat' dir='ltr'>certantibus</span> <span class='ocrx_word' id='word_1_38' title='bbox 1231 848 1295 894; x_wconf 91' lang='lat' dir='ltr'>una</span> 
     </span>
     <span class='ocr_line' id='line_1_6' title="bbox 142 926 1294 1012; baseline 0.001 -19"><span class='ocrx_word' id='word_1_39' title='bbox 142 926 321 1009; x_wconf 91' lang='lat' dir='ltr'>eademque</span> <span class='ocrx_word' id='word_1_40' title='bbox 343 927 385 993; x_wconf 89' lang='lat' dir='ltr'>sit</span> <span class='ocrx_word' id='word_1_41' title='bbox 406 926 563 993; x_wconf 89' lang='lat' dir='ltr'>condicio.</span> <span class='ocrx_word' id='word_1_42' title='bbox 605 926 679 993; x_wconf 90' lang='lat' dir='ltr'>Hoc</span> <span class='ocrx_word' id='word_1_43' title='bbox 698 927 854 994; x_wconf 87' lang='lat' dir='ltr'>artificem</span> <span class='ocrx_word' id='word_1_44' title='bbox 875 928 967 995; x_wconf 94' lang='lat' dir='ltr'>illum</span> <span class='ocrx_word' id='word_1_45' title='bbox 989 930 1136 996; x_wconf 90' lang='lat' dir='ltr'>omnibus</span> <span class='ocrx_word' id='word_1_46' title='bbox 1159 949 1200 995; x_wconf 88' lang='lat' dir='ltr'>ex</span> <span class='ocrx_word' id='word_1_47' title='bbox 1222 949 1294 1012; x_wconf 86' lang='lat' dir='ltr'>par·</span> 
     </span>
     <span class='ocr_line' id='line_1_7' title="bbox 142 1029 1295 1114; baseline 0.002 -19"><span class='ocrx_word' id='word_1_48' title='bbox 142 1029 228 1097; x_wconf 92' lang='lat' dir='ltr'>tibus</span> <span class='ocrx_word' id='word_1_49' title='bbox 256 1030 377 1113; x_wconf 90' lang='lat' dir='ltr'>optime</span> <span class='ocrx_word' id='word_1_50' title='bbox 403 1034 584 1096; x_wconf 90' lang='lat' dir='ltr'>assecutum</span> <span class='ocrx_word' id='word_1_51' title='bbox 614 1047 685 1095; x_wconf 89' lang='lat' dir='ltr'>esse</span> <span class='ocrx_word' id='word_1_52' title='bbox 713 1029 790 1095; x_wconf 89' lang='lat' dir='ltr'>inde</span> <span class='ocrx_word' id='word_1_53' title='bbox 819 1030 972 1113; x_wconf 83' lang='lat' dir='ltr'>colligere</span> <span class='ocrx_word' id='word_1_54' title='bbox 1001 1031 1172 1114; x_wconf 89' lang='lat' dir='ltr'>debemus,</span> <span class='ocrx_word' id='word_1_55' title='bbox 1208 1031 1295 1113; x_wconf 92' lang='lat' dir='ltr'>quod</span> 
     </span>
     <span class='ocr_line' id='line_1_8' title="bbox 143 1129 1296 1213; baseline 0.002 -18"><span class='ocrx_word' id='word_1_56' title='bbox 143 1131 214 1213; x_wconf 93' lang='lat' dir='ltr'>ipse</span> <span class='ocrx_word' id='word_1_57' title='bbox 235 1129 297 1196; x_wconf 93' lang='lat' dir='ltr'>hoc</span> <span class='ocrx_word' id='word_1_58' title='bbox 324 1132 455 1198; x_wconf 87' lang='lat' dir='ltr'>invento</span> <span class='ocrx_word' id='word_1_59' title='bbox 483 1131 625 1196; x_wconf 83' lang='lat' dir='ltr'>maxime</span> <span class='ocrx_word' id='word_1_60' title='bbox 651 1131 859 1213; x_wconf 81' lang='lat' dir='ltr'>gloriabatur.</span> <span class='ocrx_word' id='word_1_61' title='bbox 903 1132 942 1198; x_wconf 92' lang='lat' dir='ltr'>ld</span> <span class='ocrx_word' id='word_1_62' title='bbox 963 1134 1141 1200; x_wconf 76' lang='lat' dir='ltr'>luculenter</span> <span class='ocrx_word' id='word_1_63' title='bbox 1162 1138 1296 1199; x_wconf 90' lang='lat' dir='ltr'>testatur</span> 
     </span>
     <span class='ocr_line' id='line_1_9' title="bbox 144 1230 1295 1318; baseline 0.002 -20"><span class='ocrx_word' id='word_1_64' title='bbox 144 1233 308 1317; x_wconf 77' lang='lat' dir='ltr'>inscriptio</span> <span class='ocrx_word' id='word_1_65' title='bbox 336 1239 477 1316; x_wconf 78' lang='lat' dir='ltr'>statuae,</span> <span class='ocrx_word' id='word_1_66' title='bbox 507 1253 605 1315; x_wconf 87' lang='lat' dir='ltr'>quam</span> <span class='ocrx_word' id='word_1_67' title='bbox 627 1230 764 1299; x_wconf 85' lang='lat' dir='ltr'>Athenis</span> <span class='ocrx_word' id='word_1_68' title='bbox 792 1234 834 1299; x_wconf 91' lang='lat' dir='ltr'>ab</span> <span class='ocrx_word' id='word_1_69' title='bbox 863 1255 902 1300; x_wconf 90' lang='lat' dir='ltr'>eo</span> <span class='ocrx_word' id='word_1_70' title='bbox 933 1237 1091 1318; x_wconf 89' lang='lat' dir='ltr'>sculptam</span> <span class='ocrx_word' id='word_1_71' title='bbox 1117 1235 1295 1301; x_wconf 86' lang='lat' dir='ltr'>Pausanias</span> 
     </span>
     <span class='ocr_line' id='line_1_10' title="bbox 144 1334 1294 1420; baseline -0.001 -19"><span class='ocrx_word' id='word_1_72' title='bbox 144 1335 235 1401; x_wconf 88' lang='lat' dir='ltr'>vidit</span> <span class='ocrx_word' id='word_1_73' title='bbox 243 1337 264 1412; x_wconf 83' lang='lat'>¹)</span> <span class='ocrx_word' id='word_1_74' title='bbox 307 1334 387 1402; x_wconf 79' lang='lat' dir='ltr'>(lum</span> <span class='ocrx_word' id='word_1_75' title='bbox 410 1336 496 1400; x_wconf 89' lang='lat' dir='ltr'>euim</span> <span class='ocrx_word' id='word_1_76' title='bbox 518 1334 584 1400; x_wconf 88' lang='lat' dir='ltr'>alia</span> <span class='ocrx_word' id='word_1_77' title='bbox 605 1353 733 1418; x_wconf 90' lang='lat' dir='ltr'>quoque</span> <span class='ocrx_word' id='word_1_78' title='bbox 760 1354 860 1417; x_wconf 88' lang='lat' dir='ltr'>opera</span> <span class='ocrx_word' id='word_1_79' title='bbox 888 1335 1035 1404; x_wconf 87' lang='lat' dir='ltr'>effecisse</span> <span class='ocrx_word' id='word_1_80' title='bbox 1060 1336 1222 1420; x_wconf 90' lang='lat' dir='ltr'>putandus</span> <span class='ocrx_word' id='word_1_81' title='bbox 1243 1336 1294 1418; x_wconf 90' lang='lat' dir='ltr'>sit,</span> 
     </span>
     <span class='ocr_line' id='line_1_11' title="bbox 144 1432 1296 1522; baseline 0 -19"><span class='ocrx_word' id='word_1_82' title='bbox 144 1457 185 1503; x_wconf 89' lang='lat' dir='ltr'>ex</span> <span class='ocrx_word' id='word_1_83' title='bbox 207 1437 353 1504; x_wconf 89' lang='lat' dir='ltr'>omuibus</span> <span class='ocrx_word' id='word_1_84' title='bbox 376 1432 437 1503; x_wconf 91' lang='lat' dir='ltr'>hoc</span> <span class='ocrx_word' id='word_1_85' title='bbox 459 1435 613 1520; x_wconf 91' lang='lat' dir='ltr'>oppidum</span> <span class='ocrx_word' id='word_1_86' title='bbox 635 1437 744 1522; x_wconf 84' lang='lat' dir='ltr'>elegit,</span> <span class='ocrx_word' id='word_1_87' title='bbox 768 1438 855 1520; x_wconf 92' lang='lat' dir='ltr'>quod</span> <span class='ocrx_word' id='word_1_88' title='bbox 875 1438 908 1503; x_wconf 91' lang='lat' dir='ltr'>in</span> <span class='ocrx_word' id='word_1_89' title='bbox 925 1439 1125 1522; x_wconf 83' lang='lat' dir='ltr'>epigramma</span> <span class='ocrx_word' id='word_1_90' title='bbox 1137 1439 1296 1521; x_wconf 89' lang='lat' dir='ltr'>reciperet</span> 
     </span>
     <span class='ocr_line' id='line_1_12' title="bbox 142 1533 1295 1626; baseline -0.001 -22"><span class='ocrx_word' id='word_1_91' title='bbox 142 1543 211 1618; x_wconf 76' lang='lat'>(142</span> <span class='ocrx_word' id='word_1_92' title='bbox 241 1539 298 1604; x_wconf 86' lang='grc' dir='ltr'>καὶ</span> <span class='ocrx_word' id='word_1_93' title='bbox 326 1539 495 1624; x_wconf 81' lang='grc' dir='ltr'><strong><em>φρονῆσαί</em></strong></span> <span class='ocrx_word' id='word_1_94' title='bbox 523 1560 560 1621; x_wconf 90' lang='grc' dir='ltr'><strong><em>γε</em></strong></span> <span class='ocrx_word' id='word_1_95' title='bbox 588 1534 646 1603; x_wconf 71' lang='grc' dir='ltr'><strong><em>ἐπί</em></strong></span> <span class='ocrx_word' id='word_1_96' title='bbox 674 1540 723 1624; x_wconf 68' lang='grc' dir='ltr'>τογ’</span> <span class='ocrx_word' id='word_1_97' title='bbox 746 1533 923 1626; x_wconf 74' lang='grc' dir='ltr'><strong><em>εὑρήματι,</em></strong></span> <span class='ocrx_word' id='word_1_98' title='bbox 954 1533 1001 1616; x_wconf 80' lang='grc' dir='ltr'>ὡς</span> <span class='ocrx_word' id='word_1_99' title='bbox 1022 1540 1077 1604; x_wconf 83' lang='grc' dir='ltr'><strong><em>κοί</em></strong></span> <span class='ocrx_word' id='word_1_100' title='bbox 1101 1536 1295 1625; x_wconf 76' lang='grc' dir='ltr'><strong><em>ἐπίγραμμα</em></strong></span> 
     </span>
     <span class='ocr_line' id='line_1_13' title="bbox 142 1631 908 1727; baseline 0 -21"><span class='ocrx_word' id='word_1_101' title='bbox 142 1637 201 1706; x_wconf 77' lang='grc' dir='ltr'>ἐπὶ</span> <span class='ocrx_word' id='word_1_102' title='bbox 224 1633 397 1724; x_wconf 81' lang='grc' dir='ltr'><strong><em>άνδριάντι</em></strong></span> <span class='ocrx_word' id='word_1_103' title='bbox 418 1641 474 1725; x_wconf 75' lang='grc' dir='ltr'>τῷ</span> <span class='ocrx_word' id='word_1_104' title='bbox 492 1631 678 1727; x_wconf 72' lang='grc' dir='ltr'>Ἀθήνῃσιν</span> <span class='ocrx_word' id='word_1_105' title='bbox 701 1637 908 1725; x_wconf 75' lang='grc' dir='ltr'><strong><em>ἐπιγράψαι·</em></strong></span> 
     </span>
     <span class='ocr_line' id='line_1_14' title="bbox 166 1733 1168 1829; baseline -0.001 -21"><span class='ocrx_word' id='word_1_106' title='bbox 166 1803 169 1808; x_wconf 92' lang='grc'><em>.</em></span> <span class='ocrx_word' id='word_1_107' title='bbox 280 1739 319 1819; x_wconf 80' lang='grc' dir='ltr'>ὃς</span> <span class='ocrx_word' id='word_1_108' title='bbox 339 1739 399 1828; x_wconf 81' lang='grc' dir='ltr'>τὴν</span> <span class='ocrx_word' id='word_1_109' title='bbox 423 1739 616 1828; x_wconf 78' lang='grc' dir='ltr'><strong><em>ἱππάφεσιν</em></strong></span> <span class='ocrx_word' id='word_1_110' title='bbox 639 1739 673 1807; x_wconf 75' lang='grc' dir='ltr'>ἐν</span> <span class='ocrx_word' id='word_1_111' title='bbox 692 1734 861 1829; x_wconf 76' lang='grc' dir='ltr'><strong><em>Ὀλυμπίᾳ</em></strong></span> <span class='ocrx_word' id='word_1_112' title='bbox 883 1733 1001 1825; x_wconf 70' lang='grc' dir='ltr'><strong><em>εὕρατο</em></strong></span> <span class='ocrx_word' id='word_1_113' title='bbox 1024 1744 1168 1825; x_wconf 79' lang='grc' dir='ltr'><strong><em>πρῶτος,</em></strong></span> 
     </span>
     <span class='ocr_line' id='line_1_15' title="bbox 322 1837 1050 1929; baseline -0.001 -21"><span class='ocrx_word' id='word_1_114' title='bbox 322 1841 416 1920; x_wconf 77' lang='grc' dir='ltr'><strong><em>τεῦξε</em></strong></span> <span class='ocrx_word' id='word_1_115' title='bbox 429 1867 471 1926; x_wconf 90' lang='grc' dir='ltr'><strong><em>με</em></strong></span> <span class='ocrx_word' id='word_1_116' title='bbox 485 1845 664 1921; x_wconf 85' lang='grc' dir='ltr'><strong><em>Κλειοίτας</em></strong></span> <span class='ocrx_word' id='word_1_117' title='bbox 685 1842 758 1920; x_wconf 81' lang='grc' dir='ltr'><strong><em>υίὸς</em></strong></span> <span class='ocrx_word' id='word_1_118' title='bbox 776 1837 1050 1929; x_wconf 80' lang='grc' dir='ltr'><strong><em>Ἀριστοκλέους).</em></strong></span> 
     </span>
    </p>

    <p class='ocr_par' dir='ltr' id='par_1_3' title="bbox 140 1945 1298 2542">
     <span class='ocr_line' id='line_1_16' title="bbox 140 1945 1298 2032; baseline -0.003 -16"><span class='ocrx_word' id='word_1_119' title='bbox 140 1948 294 2016; x_wconf 80' lang='lat' dir='ltr'>Aristidis</span> <span class='ocrx_word' id='word_1_120' title='bbox 327 1966 404 2013; x_wconf 89' lang='lat' dir='ltr'>vero</span> <span class='ocrx_word' id='word_1_121' title='bbox 437 1947 525 2030; x_wconf 93' lang='lat' dir='ltr'>quod</span> <span class='ocrx_word' id='word_1_122' title='bbox 556 1954 630 2032; x_wconf 91' lang='lat' dir='ltr'>post</span> <span class='ocrx_word' id='word_1_123' title='bbox 655 1946 819 2014; x_wconf 82' lang='lat' dir='ltr'>Oleoetam</span> <span class='ocrx_word' id='word_1_124' title='bbox 851 1946 1000 2013; x_wconf 78' lang='lat' dir='ltr'>adhibuit</span> <span class='ocrx_word' id='word_1_125' title='bbox 1032 1945 1201 2012; x_wconf 86' lang='lat' dir='ltr'>artificium</span> <span class='ocrx_word' id='word_1_126' title='bbox 1234 1968 1298 2013; x_wconf 91' lang='lat' dir='ltr'>nou</span> 
     </span>
     <span class='ocr_line' id='line_1_17' title="bbox 140 2046 1298 2132; baseline -0.004 -15"><span class='ocrx_word' id='word_1_127' title='bbox 140 2052 184 2118; x_wconf 87' lang='lat' dir='ltr'>ad</span> <span class='ocrx_word' id='word_1_128' title='bbox 206 2052 303 2116; x_wconf 89' lang='lat' dir='ltr'>totius</span> <span class='ocrx_word' id='word_1_129' title='bbox 325 2048 438 2132; x_wconf 88' lang='lat' dir='ltr'>oppidi</span> <span class='ocrx_word' id='word_1_130' title='bbox 459 2050 705 2131; x_wconf 90' lang='lat' dir='ltr'>institutionem,</span> <span class='ocrx_word' id='word_1_131' title='bbox 735 2048 793 2114; x_wconf 88' lang='lat' dir='ltr'>sed</span> <span class='ocrx_word' id='word_1_132' title='bbox 815 2048 858 2113; x_wconf 86' lang='lat' dir='ltr'>ad</span> <span class='ocrx_word' id='word_1_133' title='bbox 882 2046 1049 2113; x_wconf 86' lang='lat' dir='ltr'>machinas</span> <span class='ocrx_word' id='word_1_134' title='bbox 1077 2048 1180 2114; x_wconf 92' lang='lat' dir='ltr'>solum</span> <span class='ocrx_word' id='word_1_135' title='bbox 1202 2049 1298 2113; x_wconf 88' lang='lat' dir='ltr'>corri-</span> 
     </span>
     <span class='ocr_line' id='line_1_18' title="bbox 141 2150 1297 2238; baseline -0.005 -19"><span class='ocrx_word' id='word_1_136' title='bbox 141 2154 264 2238; x_wconf 84' lang='lat' dir='ltr'>gendas</span> <span class='ocrx_word' id='word_1_137' title='bbox 286 2153 479 2234; x_wconf 91' lang='lat' dir='ltr'>pertinuisse</span> <span class='ocrx_word' id='word_1_138' title='bbox 507 2170 549 2216; x_wconf 86' lang='lat' dir='ltr'>ex</span> <span class='ocrx_word' id='word_1_139' title='bbox 576 2152 656 2234; x_wconf 91' lang='lat' dir='ltr'>ipsis</span> <span class='ocrx_word' id='word_1_140' title='bbox 678 2151 817 2217; x_wconf 91' lang='lat' dir='ltr'>auctoris</span> <span class='ocrx_word' id='word_1_141' title='bbox 846 2150 953 2216; x_wconf 89' lang='lat' dir='ltr'>verbis</span> <span class='ocrx_word' id='word_1_142' title='bbox 980 2151 1085 2215; x_wconf 88' lang='lat' dir='ltr'>elucet</span> <span class='ocrx_word' id='word_1_143' title='bbox 1111 2152 1181 2226; x_wconf 76' lang='lat'>(142</span> <span class='ocrx_word' id='word_1_144' title='bbox 1210 2150 1297 2213; x_wconf 85' lang='grc' dir='ltr'><strong><em>Κλε-</em></strong></span> 
     </span>
     <span class='ocr_line' id='line_1_19' title="bbox 143 2242 1297 2338; baseline -0.003 -18"><span class='ocrx_word' id='word_1_145' title='bbox 143 2259 220 2320; x_wconf 92' lang='grc' dir='ltr'><strong><em>οίτα</em></strong></span> <span class='ocrx_word' id='word_1_146' title='bbox 249 2251 286 2317; x_wconf 79' lang='grc' dir='ltr'>δέ</span> <span class='ocrx_word' id='word_1_147' title='bbox 315 2273 420 2338; x_wconf 84' lang='grc' dir='ltr'><strong><em>φασιν</em></strong></span> <span class='ocrx_word' id='word_1_148' title='bbox 448 2242 585 2334; x_wconf 68' lang='grc' dir='ltr'><strong><em>ὕστερον</em></strong></span> <span class='ocrx_word' id='word_1_149' title='bbox 608 2243 820 2338; x_wconf 79' lang='grc' dir='ltr'><strong><em>Ἀριστείδην</em></strong></span> <span class='ocrx_word' id='word_1_150' title='bbox 854 2255 979 2337; x_wconf 79' lang='grc' dir='ltr'><strong><em>σοφίαν</em></strong></span> <span class='ocrx_word' id='word_1_151' title='bbox 1006 2248 1084 2316; x_wconf 86' lang='grc' dir='ltr'><strong><em>τινά</em></strong></span> <span class='ocrx_word' id='word_1_152' title='bbox 1111 2251 1168 2315; x_wconf 86' lang='grc' dir='ltr'>καὶ</span> <span class='ocrx_word' id='word_1_153' title='bbox 1197 2243 1297 2316; x_wconf 75' lang='grc' dir='ltr'><strong><em>αὐτὸν</em></strong></span> 
     </span>
     <span class='ocr_line' id='line_1_20' title="bbox 142 2351 1298 2441; baseline -0.002 -20"><span class='ocrx_word' id='word_1_154' title='bbox 142 2353 183 2432; x_wconf 74' lang='grc' dir='ltr'>ἐς</span> <span class='ocrx_word' id='word_1_155' title='bbox 204 2351 248 2420; x_wconf 85' lang='grc' dir='ltr'>τὸ</span> <span class='ocrx_word' id='word_1_156' title='bbox 271 2352 492 2441; x_wconf 81' lang='grc' dir='ltr'><strong><em>μηχάνημα</em></strong></span> <span class='ocrx_word' id='word_1_157' title='bbox 515 2351 777 2438; x_wconf 73' lang='grc' dir='ltr'><strong><em>ἐσενέγκασθαι).</em></strong></span> <span class='ocrx_word' id='word_1_158' title='bbox 815 2353 906 2432; x_wconf 81' lang='lat' dir='ltr'>Quae</span> <span class='ocrx_word' id='word_1_159' title='bbox 929 2375 1000 2420; x_wconf 90' lang='lat' dir='ltr'>cum</span> <span class='ocrx_word' id='word_1_160' title='bbox 1022 2355 1069 2420; x_wconf 83' lang='lat' dir='ltr'>ita</span> <span class='ocrx_word' id='word_1_161' title='bbox 1083 2355 1157 2438; x_wconf 88' lang='lat' dir='ltr'>sint,</span> <span class='ocrx_word' id='word_1_162' title='bbox 1180 2355 1242 2420; x_wconf 86' lang='lat' dir='ltr'>arti</span> <span class='ocrx_word' id='word_1_163' title='bbox 1265 2360 1298 2420; x_wconf 90' lang='lat' dir='ltr'>et</span> 
     </span>
     <span class='ocr_line' id='line_1_21' title="bbox 141 2457 1296 2542; baseline -0.003 -18"><span class='ocrx_word' id='word_1_164' title='bbox 141 2458 232 2524; x_wconf 87' lang='lat' dir='ltr'>laudi</span> <span class='ocrx_word' id='word_1_165' title='bbox 254 2457 407 2525; x_wconf 79' lang='lat' dir='ltr'>Gleoetae</span> <span class='ocrx_word' id='word_1_166' title='bbox 428 2459 456 2524; x_wconf 92' lang='lat' dir='ltr'>is</span> <span class='ocrx_word' id='word_1_167' title='bbox 479 2458 600 2542; x_wconf 91' lang='lat' dir='ltr'>optime</span> <span class='ocrx_word' id='word_1_168' title='bbox 623 2457 816 2539; x_wconf 77' lang='lat' dir='ltr'>satisfaciet,</span> <span class='ocrx_word' id='word_1_169' title='bbox 840 2457 896 2539; x_wconf 94' lang='lat' dir='ltr'>qui</span> <span class='ocrx_word' id='word_1_170' title='bbox 918 2457 1083 2523; x_wconf 89' lang='lat' dir='ltr'>inventum</span> <span class='ocrx_word' id='word_1_171' title='bbox 1107 2458 1176 2523; x_wconf 91' lang='lat' dir='ltr'>eius</span> <span class='ocrx_word' id='word_1_172' title='bbox 1199 2475 1296 2538; x_wconf 90' lang='lat' dir='ltr'>quam</span> 
     </span>
    </p>
   </div>
   <div class='ocr_carea' id='block_1_3' title="bbox 141 2559 1422 2643">
    <p class='ocr_par' dir='ltr' id='par_1_4' title="bbox 141 2559 1422 2643">
     <span class='ocr_line' id='line_1_22' title="bbox 141 2559 1422 2643; baseline -0.002 -17"><span class='ocrx_word' id='word_1_173' title='bbox 141 2560 410 2643; x_wconf 89' lang='lat' dir='ltr'>perfectissimum</span> <span class='ocrx_word' id='word_1_174' title='bbox 432 2560 623 2642; x_wconf 89' lang='lat' dir='ltr'>restituerit,</span> <span class='ocrx_word' id='word_1_175' title='bbox 655 2565 765 2643; x_wconf 86' lang='lat' dir='ltr'>utpote</span> <span class='ocrx_word' id='word_1_176' title='bbox 788 2559 875 2641; x_wconf 89' lang='lat' dir='ltr'>quod</span> <span class='ocrx_word' id='word_1_177' title='bbox 904 2559 1001 2626; x_wconf 88' lang='lat' dir='ltr'>etiam</span> <span class='ocrx_word' id='word_1_178' title='bbox 1026 2559 1114 2626; x_wconf 92' lang='lat' dir='ltr'>duris</span> <span class='ocrx_word' id='word_1_179' title='bbox 1136 2559 1297 2626; x_wconf 90' lang='lat' dir='ltr'>iudicibus</span> <span class='ocrx_word' id='word_1_180' title='bbox 1419 2575 1422 2582; x_wconf 89' lang='lat'>·</span> 
     </span>
    </p>
   </div>
   <div class='ocr_carea' id='block_1_4' title="bbox 141 2658 1298 3658">
    <p class='ocr_par' dir='ltr' id='par_1_5' title="bbox 141 2658 1298 3658">
     <span class='ocr_line' id='line_1_23' title="bbox 141 2658 1297 2746; baseline 0 -20"><span class='ocrx_word' id='word_1_181' title='bbox 141 2663 239 2745; x_wconf 90' lang='lat' dir='ltr'>plane</span> <span class='ocrx_word' id='word_1_182' title='bbox 260 2663 423 2746; x_wconf 87' lang='lat' dir='ltr'>probetur.</span> <span class='ocrx_word' id='word_1_183' title='bbox 468 2659 575 2738; x_wconf 81' lang='lat' dir='ltr'>Quare</span> <span class='ocrx_word' id='word_1_184' title='bbox 597 2660 625 2726; x_wconf 91' lang='lat' dir='ltr'>si</span> <span class='ocrx_word' id='word_1_185' title='bbox 648 2661 719 2743; x_wconf 90' lang='lat' dir='ltr'>quis</span> <span class='ocrx_word' id='word_1_186' title='bbox 742 2658 826 2727; x_wconf 90' lang='lat' dir='ltr'>hauc</span> <span class='ocrx_word' id='word_1_187' title='bbox 847 2680 916 2726; x_wconf 89' lang='lat' dir='ltr'>rem</span> <span class='ocrx_word' id='word_1_188' title='bbox 937 2661 1101 2744; x_wconf 87' lang='lat' dir='ltr'>suscipere</span> <span class='ocrx_word' id='word_1_189' title='bbox 1123 2660 1203 2726; x_wconf 86' lang='lat' dir='ltr'>tanti</span> <span class='ocrx_word' id='word_1_190' title='bbox 1226 2679 1297 2726; x_wconf 90' lang='lat' dir='ltr'>esse</span> 
     </span>
     <span class='ocr_line' id='line_1_24' title="bbox 142 2757 1298 2847; baseline -0.002 -19"><span class='ocrx_word' id='word_1_191' title='bbox 142 2769 248 2846; x_wconf 83' lang='lat' dir='ltr'>neget,</span> <span class='ocrx_word' id='word_1_192' title='bbox 272 2763 358 2847; x_wconf 91' lang='lat' dir='ltr'>quod</span> <span class='ocrx_word' id='word_1_193' title='bbox 380 2783 422 2829; x_wconf 86' lang='lat' dir='ltr'>ex</span> <span class='ocrx_word' id='word_1_194' title='bbox 437 2763 546 2828; x_wconf 86' lang='lat' dir='ltr'>verbis</span> <span class='ocrx_word' id='word_1_195' title='bbox 561 2762 742 2847; x_wconf 79' lang='lat' dir='ltr'>Pausaniae</span> <span class='ocrx_word' id='word_1_196' title='bbox 764 2760 1004 2829; x_wconf 88' lang='lat' dir='ltr'>diversissimae</span> <span class='ocrx_word' id='word_1_197' title='bbox 1025 2757 1243 2829; x_wconf 75' lang='lat' dir='ltr'>restitutiones</span> <span class='ocrx_word' id='word_1_198' title='bbox 1266 2767 1298 2827; x_wconf 90' lang='lat' dir='ltr'>et</span> 
     </span>
     <span class='ocr_line' id='line_1_25' title="bbox 143 2864 1296 2947; baseline -0.002 -18"><span class='ocrx_word' id='word_1_199' title='bbox 143 2866 273 2930; x_wconf 89' lang='lat' dir='ltr'>elicitae</span> <span class='ocrx_word' id='word_1_200' title='bbox 295 2866 359 2932; x_wconf 92' lang='lat' dir='ltr'>sint</span> <span class='ocrx_word' id='word_1_201' title='bbox 381 2873 413 2931; x_wconf 88' lang='lat' dir='ltr'>et</span> <span class='ocrx_word' id='word_1_202' title='bbox 436 2865 509 2931; x_wconf 88' lang='lat' dir='ltr'>elici</span> <span class='ocrx_word' id='word_1_203' title='bbox 531 2864 665 2947; x_wconf 89' lang='lat' dir='ltr'>possint,</span> <span class='ocrx_word' id='word_1_204' title='bbox 689 2865 716 2930; x_wconf 90' lang='lat' dir='ltr'>is</span> <span class='ocrx_word' id='word_1_205' title='bbox 739 2883 847 2930; x_wconf 92' lang='lat' dir='ltr'>errore</span> <span class='ocrx_word' id='word_1_206' title='bbox 868 2864 1010 2931; x_wconf 90' lang='lat' dir='ltr'>ducitur:</span> <span class='ocrx_word' id='word_1_207' title='bbox 1034 2864 1189 2930; x_wconf 89' lang='lat' dir='ltr'>habemus</span> <span class='ocrx_word' id='word_1_208' title='bbox 1211 2865 1296 2930; x_wconf 89' lang='lat' dir='ltr'>enim</span> 
     </span>
     <span class='ocr_line' id='line_1_26' title="bbox 142 2965 1298 3050; baseline -0.003 -18"><span class='ocrx_word' id='word_1_209' title='bbox 142 2972 271 3050; x_wconf 89' lang='lat' dir='ltr'>praeter</span> <span class='ocrx_word' id='word_1_210' title='bbox 302 2966 552 3050; x_wconf 89' lang='lat' dir='ltr'>descriptionem</span> <span class='ocrx_word' id='word_1_211' title='bbox 580 2966 760 3031; x_wconf 86' lang='lat' dir='ltr'>Pausaniae</span> <span class='ocrx_word' id='word_1_212' title='bbox 789 2967 881 3048; x_wconf 87' lang='lat' dir='ltr'>quasi</span> <span class='ocrx_word' id='word_1_213' title='bbox 910 2967 1093 3047; x_wconf 88' lang='lat' dir='ltr'>obrussam,</span> <span class='ocrx_word' id='word_1_214' title='bbox 1128 2965 1172 3031; x_wconf 91' lang='lat' dir='ltr'>ad</span> <span class='ocrx_word' id='word_1_215' title='bbox 1200 2985 1298 3047; x_wconf 86' lang='lat' dir='ltr'>quam</span> 
     </span>
     <span class='ocr_line' id='line_1_27' title="bbox 143 3067 1296 3152; baseline -0.003 -16"><span class='ocrx_word' id='word_1_216' title='bbox 143 3069 334 3136; x_wconf 88' lang='lat' dir='ltr'>seutentiam</span> <span class='ocrx_word' id='word_1_217' title='bbox 356 3074 496 3134; x_wconf 90' lang='lat' dir='ltr'>nostram</span> <span class='ocrx_word' id='word_1_218' title='bbox 519 3068 650 3150; x_wconf 86' lang='lat' dir='ltr'>exigere</span> <span class='ocrx_word' id='word_1_219' title='bbox 672 3067 843 3152; x_wconf 87' lang='lat' dir='ltr'>possimus,</span> <span class='ocrx_word' id='word_1_220' title='bbox 865 3067 1110 3150; x_wconf 86' lang='lat' dir='ltr'>perfectionem:</span> <span class='ocrx_word' id='word_1_221' title='bbox 1134 3085 1211 3149; x_wconf 86' lang='lat' dir='ltr'>ergo</span> <span class='ocrx_word' id='word_1_222' title='bbox 1233 3085 1296 3148; x_wconf 90' lang='lat' dir='ltr'>quo</span> 
     </span>
     <span class='ocr_line' id='line_1_28' title="bbox 142 3169 1297 3254; baseline -0.003 -19"><span class='ocrx_word' id='word_1_223' title='bbox 142 3191 209 3254; x_wconf 89' lang='lat' dir='ltr'>qua</span> <span class='ocrx_word' id='word_1_224' title='bbox 229 3170 387 3237; x_wconf 86' lang='lat' dir='ltr'>restitutio</span> <span class='ocrx_word' id='word_1_225' title='bbox 403 3170 583 3237; x_wconf 86' lang='lat' dir='ltr'>Pausaniae</span> <span class='ocrx_word' id='word_1_226' title='bbox 606 3169 714 3235; x_wconf 84' lang='lat' dir='ltr'>verbis</span> <span class='ocrx_word' id='word_1_227' title='bbox 735 3169 808 3234; x_wconf 89' lang='lat' dir='ltr'>nisa</span> <span class='ocrx_word' id='word_1_228' title='bbox 828 3169 1002 3250; x_wconf 84' lang='lat' dir='ltr'>perfectior</span> <span class='ocrx_word' id='word_1_229' title='bbox 1023 3173 1081 3249; x_wconf 88' lang='lat' dir='ltr'>est,</span> <span class='ocrx_word' id='word_1_230' title='bbox 1104 3187 1143 3234; x_wconf 93' lang='lat' dir='ltr'>eo</span> <span class='ocrx_word' id='word_1_231' title='bbox 1165 3169 1297 3250; x_wconf 91' lang='lat' dir='ltr'>propius</span> 
     </span>
     <span class='ocr_line' id='line_1_29' title="bbox 143 3269 1296 3354; baseline -0.004 -16"><span class='ocrx_word' id='word_1_232' title='bbox 143 3272 186 3338; x_wconf 87' lang='lat' dir='ltr'>ad</span> <span class='ocrx_word' id='word_1_233' title='bbox 208 3271 360 3339; x_wconf 79' lang='lat' dir='ltr'>Oleoetae</span> <span class='ocrx_word' id='word_1_234' title='bbox 381 3271 519 3354; x_wconf 89' lang='lat' dir='ltr'>primum</span> <span class='ocrx_word' id='word_1_235' title='bbox 548 3272 714 3337; x_wconf 90' lang='lat' dir='ltr'>inventum</span> <span class='ocrx_word' id='word_1_236' title='bbox 735 3271 909 3352; x_wconf 89' lang='lat' dir='ltr'>accedere,</span> <span class='ocrx_word' id='word_1_237' title='bbox 938 3289 1001 3352; x_wconf 89' lang='lat' dir='ltr'>quo</span> <span class='ocrx_word' id='word_1_238' title='bbox 1024 3289 1088 3352; x_wconf 91' lang='lat' dir='ltr'>qua</span> <span class='ocrx_word' id='word_1_239' title='bbox 1109 3275 1160 3335; x_wconf 90' lang='lat' dir='ltr'>est</span> <span class='ocrx_word' id='word_1_240' title='bbox 1180 3269 1296 3352; x_wconf 90' lang='lat' dir='ltr'>imper-</span> 
     </span>
     <span class='ocr_line' id='line_1_30' title="bbox 143 3371 1297 3457; baseline -0.003 -18"><span class='ocrx_word' id='word_1_241' title='bbox 143 3374 265 3457; x_wconf 89' lang='lat' dir='ltr'>fectior,</span> <span class='ocrx_word' id='word_1_242' title='bbox 289 3393 328 3438; x_wconf 90' lang='lat' dir='ltr'>eo</span> <span class='ocrx_word' id='word_1_243' title='bbox 350 3373 478 3457; x_wconf 84' lang='lat' dir='ltr'>longius</span> <span class='ocrx_word' id='word_1_244' title='bbox 500 3394 522 3439; x_wconf 90' lang='lat' dir='ltr'>a</span> <span class='ocrx_word' id='word_1_245' title='bbox 543 3373 679 3439; x_wconf 86' lang='lat' dir='ltr'>veritate</span> <span class='ocrx_word' id='word_1_246' title='bbox 702 3372 869 3439; x_wconf 91' lang='lat' dir='ltr'>discedere</span> <span class='ocrx_word' id='word_1_247' title='bbox 892 3372 1108 3438; x_wconf 86' lang='lat' dir='ltr'>existimanda</span> <span class='ocrx_word' id='word_1_248' title='bbox 1130 3377 1187 3438; x_wconf 87' lang='lat' dir='ltr'>est.</span> <span class='ocrx_word' id='word_1_249' title='bbox 1227 3371 1297 3436; x_wconf 87' lang='lat' dir='ltr'>Iam</span> 
     </span>
     <span class='ocr_line' id='line_1_31' title="bbox 144 3471 1296 3559; baseline -0.004 -18"><span class='ocrx_word' id='word_1_250' title='bbox 144 3494 216 3541; x_wconf 94' lang='lat' dir='ltr'>cum</span> <span class='ocrx_word' id='word_1_251' title='bbox 239 3474 369 3559; x_wconf 93' lang='lat' dir='ltr'>oppido,</span> <span class='ocrx_word' id='word_1_252' title='bbox 392 3482 428 3540; x_wconf 91' lang='lat' dir='ltr'>ut</span> <span class='ocrx_word' id='word_1_253' title='bbox 449 3495 547 3558; x_wconf 90' lang='lat' dir='ltr'>supra</span> <span class='ocrx_word' id='word_1_254' title='bbox 568 3474 720 3558; x_wconf 86' lang='lat' dir='ltr'>diximus,</span> <span class='ocrx_word' id='word_1_255' title='bbox 743 3473 778 3539; x_wconf 93' lang='lat' dir='ltr'>id</span> <span class='ocrx_word' id='word_1_256' title='bbox 799 3474 1001 3556; x_wconf 91' lang='lat' dir='ltr'>potissimum</span> <span class='ocrx_word' id='word_1_257' title='bbox 1017 3471 1222 3540; x_wconf 88' lang='lat' dir='ltr'>efficiendum</span> <span class='ocrx_word' id='word_1_258' title='bbox 1238 3478 1296 3555; x_wconf 91' lang='lat' dir='ltr'>est,</span> 
     </span>
     <span class='ocr_line' id='line_1_32' title="bbox 143 3575 1297 3658; baseline -0.002 -15"><span class='ocrx_word' id='word_1_259' title='bbox 143 3585 178 3643; x_wconf 93' lang='lat' dir='ltr'>ut</span> <span class='ocrx_word' id='word_1_260' title='bbox 199 3577 357 3643; x_wconf 88' lang='lat' dir='ltr'>universis</span> <span class='ocrx_word' id='word_1_261' title='bbox 380 3578 575 3644; x_wconf 84' lang='lat' dir='ltr'>certantibus</span> <span class='ocrx_word' id='word_1_262' title='bbox 604 3575 740 3642; x_wconf 89' lang='lat' dir='ltr'>eandem</span> <span class='ocrx_word' id='word_1_263' title='bbox 770 3575 991 3643; x_wconf 88' lang='lat' dir='ltr'>condicionem</span> <span class='ocrx_word' id='word_1_264' title='bbox 1013 3575 1184 3658; x_wconf 86' lang='lat' dir='ltr'>praebeat,</span> <span class='ocrx_word' id='word_1_265' title='bbox 1213 3593 1297 3641; x_wconf 88' lang='lat' dir='ltr'>nunc</span> 
     </span>
    </p>
   </div>
   <div class='ocr_carea' id='block_1_5' title="bbox 143 3751 1299 4169">
    <p class='ocr_par' dir='ltr' id='par_1_6' title="bbox 143 3751 1299 4169">
     <span class='ocr_line' id='line_1_33' title="bbox 231 3751 1299 3832; baseline -0.003 -16"><span class='ocrx_word' id='word_1_266' title='bbox 231 3766 255 3824; x_wconf 89' lang='grc'>1)</span> <span class='ocrx_word' id='word_1_267' title='bbox 271 3760 339 3825; x_wconf 80' lang='grc'>124,</span> <span class='ocrx_word' id='word_1_268' title='bbox 352 3763 382 3814; x_wconf 81' lang='lat'>3:</span> <span class='ocrx_word' id='word_1_269' title='bbox 407 3755 523 3832; x_wconf 80' lang='grc' dir='ltr'><strong><em>Κράνος</em></strong></span> <span class='ocrx_word' id='word_1_270' title='bbox 539 3755 618 3814; x_wconf 78' lang='grc' dir='ltr'><strong><em>ἐστίν</em></strong></span> <span class='ocrx_word' id='word_1_271' title='bbox 640 3754 818 3827; x_wconf 78' lang='grc' dir='ltr'><strong><em>ἐπικείμενος</em></strong></span> <span class='ocrx_word' id='word_1_272' title='bbox 838 3751 912 3831; x_wconf 77' lang='grc' dir='ltr'><strong><em>άνὴρ</em></strong></span> <span class='ocrx_word' id='word_1_273' title='bbox 931 3760 1086 3823; x_wconf 79' lang='grc' dir='ltr'><strong><em>Κλεοίτου,</em></strong></span> <span class='ocrx_word' id='word_1_274' title='bbox 1109 3759 1160 3814; x_wconf 86' lang='grc' dir='ltr'><strong><em>καί</em></strong></span> <span class='ocrx_word' id='word_1_275' title='bbox 1185 3755 1213 3813; x_wconf 76' lang='grc' dir='ltr'>οἱ</span> <span class='ocrx_word' id='word_1_276' title='bbox 1229 3752 1299 3822; x_wconf 83' lang='grc' dir='ltr'><strong><em>τοὺς</em></strong></span> 
     </span>
     <span class='ocr_line' id='line_1_34' title="bbox 144 3836 1297 3918; baseline -0.004 -16"><span class='ocrx_word' id='word_1_277' title='bbox 144 3839 250 3918; x_wconf 81' lang='grc' dir='ltr'><strong><em>ὄνυχας</em></strong></span> <span class='ocrx_word' id='word_1_278' title='bbox 267 3839 411 3917; x_wconf 80' lang='grc' dir='ltr'><strong><em>ἀργυροῦς</em></strong></span> <span class='ocrx_word' id='word_1_279' title='bbox 433 3842 602 3915; x_wconf 76' lang='grc' dir='ltr'><strong><em>ἐνεποίησεν</em></strong></span> <span class='ocrx_word' id='word_1_280' title='bbox 620 3836 635 3900; x_wconf 83' lang='grc' dir='ltr'><em>ὃ</em></span> <span class='ocrx_word' id='word_1_281' title='bbox 657 3845 805 3908; x_wconf 83' lang='grc' dir='ltr'><strong><em>Κλεοίτας.</em></strong></span> <span class='ocrx_word' id='word_1_282' title='bbox 841 3843 920 3898; x_wconf 83' lang='lat' dir='ltr'>Hanc</span> <span class='ocrx_word' id='word_1_283' title='bbox 938 3848 1056 3898; x_wconf 85' lang='lat' dir='ltr'>statuam</span> <span class='ocrx_word' id='word_1_284' title='bbox 1074 3843 1186 3898; x_wconf 88' lang='lat' dir='ltr'>eandem</span> <span class='ocrx_word' id='word_1_285' title='bbox 1204 3843 1297 3906; x_wconf 75' lang='lat' dir='ltr'>lubre,</span> 
     </span>
     <span class='ocr_line' id='line_1_35' title="bbox 144 3927 1296 4003; baseline 0 -20"><span class='ocrx_word' id='word_1_286' title='bbox 144 3945 213 3999; x_wconf 86' lang='lat' dir='ltr'>qnae</span> <span class='ocrx_word' id='word_1_287' title='bbox 236 3929 303 3984; x_wconf 91' lang='lat' dir='ltr'>illud</span> <span class='ocrx_word' id='word_1_288' title='bbox 319 3928 484 3997; x_wconf 82' lang='lat' dir='ltr'>epigramma</span> <span class='ocrx_word' id='word_1_289' title='bbox 506 3930 625 3996; x_wconf 86' lang='lat' dir='ltr'>ferebat,</span> <span class='ocrx_word' id='word_1_290' title='bbox 648 3943 683 3982; x_wconf 86' lang='lat' dir='ltr'>ex</span> <span class='ocrx_word' id='word_1_291' title='bbox 700 3929 816 3983; x_wconf 91' lang='lat' dir='ltr'>articulo</span> <span class='ocrx_word' id='word_1_292' title='bbox 834 3932 876 4003; x_wconf 80' lang='grc' dir='ltr'>τῷ</span> <span class='ocrx_word' id='word_1_293' title='bbox 893 3929 1019 3998; x_wconf 84' lang='lat' dir='ltr'>apposito</span> <span class='ocrx_word' id='word_1_294' title='bbox 1041 3928 1105 3982; x_wconf 91' lang='lat' dir='ltr'>licet</span> <span class='ocrx_word' id='word_1_295' title='bbox 1123 3927 1296 3984; x_wconf 88' lang='lat' dir='ltr'>concludere.</span> 
     </span>
     <span class='ocr_line' id='line_1_36' title="bbox 143 4012 1297 4084; baseline -0.003 -14"><span class='ocrx_word' id='word_1_296' title='bbox 143 4015 181 4070; x_wconf 90' lang='lat' dir='ltr'>Ut</span> <span class='ocrx_word' id='word_1_297' title='bbox 198 4013 324 4084; x_wconf 86' lang='lat' dir='ltr'>permulti</span> <span class='ocrx_word' id='word_1_298' title='bbox 346 4019 467 4068; x_wconf 83' lang='lat' dir='ltr'>veterum</span> <span class='ocrx_word' id='word_1_299' title='bbox 488 4013 622 4068; x_wconf 89' lang='lat' dir='ltr'>artificum</span> <span class='ocrx_word' id='word_1_300' title='bbox 645 4031 699 4069; x_wconf 90' lang='lat' dir='ltr'>non</span> <span class='ocrx_word' id='word_1_301' title='bbox 717 4013 765 4069; x_wconf 91' lang='lat' dir='ltr'>uui</span> <span class='ocrx_word' id='word_1_302' title='bbox 787 4018 894 4068; x_wconf 90' lang='lat' dir='ltr'>tantum</span> <span class='ocrx_word' id='word_1_303' title='bbox 911 4014 964 4068; x_wconf 91' lang='lat' dir='ltr'>arti</span> <span class='ocrx_word' id='word_1_304' title='bbox 989 4028 1100 4082; x_wconf 85' lang='lat' dir='ltr'>operam</span> <span class='ocrx_word' id='word_1_305' title='bbox 1118 4013 1235 4078; x_wconf 85' lang='lat' dir='ltr'>dabant,</span> <span class='ocrx_word' id='word_1_306' title='bbox 1257 4012 1297 4067; x_wconf 90' lang='lat' dir='ltr'>sic</span> 
     </span>
     <span class='ocr_line' id='line_1_37' title="bbox 145 4098 1297 4169; baseline -0.002 -13"><span class='ocrx_word' id='word_1_307' title='bbox 145 4099 281 4156; x_wconf 84' lang='lat' dir='ltr'>cleoetam</span> <span class='ocrx_word' id='word_1_308' title='bbox 294 4113 401 4167; x_wconf 86' lang='lat' dir='ltr'>qnoque</span> <span class='ocrx_word' id='word_1_309' title='bbox 413 4098 532 4154; x_wconf 87' lang='lat' dir='ltr'>ridemus</span> <span class='ocrx_word' id='word_1_310' title='bbox 544 4107 652 4169; x_wconf 87' lang='lat' dir='ltr'>praeter</span> <span class='ocrx_word' id='word_1_311' title='bbox 664 4099 873 4154; x_wconf 84' lang='lat' dir='ltr'>architecturam</span> <span class='ocrx_word' id='word_1_312' title='bbox 887 4098 970 4152; x_wconf 87' lang='lat' dir='ltr'>etiam</span> <span class='ocrx_word' id='word_1_313' title='bbox 981 4099 1150 4168; x_wconf 84' lang='lat' dir='ltr'>sculpturam</span> <span class='ocrx_word' id='word_1_314' title='bbox 1162 4112 1297 4154; x_wconf 71' lang='grc' dir='ltr'><strong><em>ειεευεεε.</em></strong></span> 
     </span>
    </p>
   </div>
   <div class='ocr_carea' id='block_1_6' title="bbox 0 0 1552 4774">
    <p class='ocr_par' dir='ltr' id='par_1_7' title="bbox 0 0 1552 4774">
     <span class='ocr_line' id='line_1_38' title="bbox 0 0 1552 4774; baseline 0 0"><span class='ocrx_word' id='word_1_315' title='bbox 0 0 1552 4774; x_wconf 95' lang='lat' dir='ltr'> </span> 
     </span>
    </p>
   </div>
  </div>
 </body>
</html>
