3096 4766
525 302 561 358 11.
588 300 640 358 DE
657 301 780 360 Laevo
799 300 907 358 GYRO.
1252 303 1293 362 41

106 477 376 564 ραβδοφσρεῖν.
400 513 443 524 -
464 479 483 555 ξ
503 479 542 542 13
564 511 607 524 -
630 475 802 542 ἱππασίαν
825 472 861 540 δὲ
883 472 1085 557 ἐπαινοῦμεν
1107 471 1167 560 τὴν
1189 474 1296 562 πέδην

105 581 359 668 καλουμένην·
394 571 450 644 ἐπ’
488 570 681 666 ἀμφοτέρας
713 575 777 662 γὰρ
809 573 871 654 τὰς
902 575 1051 662 γνάθους
1085 580 1297 665 στρέφεσθαι
1350 597 1352 602 ’

110 681 260 762 ἐθίζει.
300 677 416 747 καὶτὸ
439 678 715 764 μεταβάλλεσθαι
737 679 773 746 δὲ
796 677 857 766 τὴν
880 679 1052 746 ἱππασίαν
1075 673 1217 765 ἀγαθόν,
1239 680 1297 747 ἵνα

111 779 331 873 ἀμφότεροι
352 783 389 850 αἱ
409 781 534 868 γνάθοι
554 777 636 848 καθ’
662 780 817 867 ἑκάτερον
838 784 897 868 τῆς
919 781 1090 859 ἱππασίας
1106 780 1296 862 ίσάζωνται.

220 889 318 955 Idem
326 871 405 971 mos,
419 889 474 972 qui
485 888 648 954 veteribus
660 893 829 970 erat,nuno
841 906 968 970 quoque
981 888 1196 970 equitantibus
1205 888 1295 956 vide·

115 1001 180 1058 tur
195 1010 277 1058 esse
288 990 492 1058 nomadibus:
505 1009 585 1073 quos
598 989 729 1073 quidem
742 1008 803 1073 ego
814 988 953 1054 viderim
963 1008 1023 1073 per
1032 996 1157 1056 nostras
1168 1010 1297 1074 quoque

120 1091 302 1175 regiones,
313 1097 348 1158 ut
359 1098 588 1176 spectarentur,
599 1093 785 1176 migrantes,
798 1091 888 1157 velut
898 1090 1062 1158 Beduinas
1072 1091 1297 1176 pulcherrimis

123 1194 234 1275 equis
257 1201 428 1260 exornatos
444 1201 476 1259 et
491 1194 657 1277 equitandi
672 1198 828 1278 perpetuo
843 1212 903 1260 usu
917 1193 1081 1276 praeditos
1096 1201 1130 1260 et
1143 1193 1296 1260 Indianos

123 1297 324 1378 nuperrime
339 1295 427 1379 apud
449 1303 589 1362 nostram
611 1296 722 1362 urbem
746 1302 778 1364 et
799 1297 961 1363 turmatim
975 1303 1008 1363 et
1029 1296 1217 1380 singillatim
1239 1315 1298 1378 per

125 1416 290 1480 campum
305 1403 443 1480 ruentes,
467 1417 522 1465 eos
538 1417 664 1481 semper
678 1398 773 1464 laevo
792 1399 861 1464 solo
877 1400 955 1465 orbe
970 1398 1174 1465 decurrentes
1190 1397 1298 1463 obser·

124 1500 227 1566 vavi.
251 1497 338 1578 Quid
350 1499 436 1583 quod
451 1500 484 1565 in
495 1501 612 1568 noshis
624 1520 752 1584 quoqne
766 1499 1011 1584 amphitheatris
1023 1502 1098 1584 equi
1108 1502 1178 1567 siue
1190 1500 1299 1583 equite

125 1601 328 1668 incedentes
350 1603 446 1668 laevo
468 1622 595 1686 semper
616 1605 683 1672 iere
705 1624 785 1688 gyro
807 1603 968 1687 aguntur?
1010 1603 1048 1669 In
1071 1598 1298 1670 certaminibus

127 1711 250 1770 autem
266 1705 381 1772 nostris
395 1704 492 1770 modo
510 1706 605 1774 laevo
628 1705 725 1773 modo
747 1705 872 1791 dextro,
895 1707 973 1788 quin
995 1705 1092 1774 etiam
1106 1706 1139 1770 iu
1154 1705 1299 1771 venatio·

126 1808 236 1874 nibus
259 1796 519 1889 (Jagdrenuen’)
542 1815 663 1874 mubto
690 1827 789 1891 saepe
809 1828 891 1892 gyro
913 1810 1062 1875 curritur:
1093 1808 1180 1891 quod
1202 1808 1299 1874 facile

130 1907 219 1974 ideo
240 1907 285 1988 fit,
309 1908 386 1990 quis
406 1913 515 1975 nostra
530 1909 688 1976 enrricula
701 1909 748 1975 ita
769 1917 956 1993 comparata
970 1918 1056 1993 sunt,
1075 1916 1110 1975 nt
1131 1917 1221 1977 artae
1242 1908 1299 1976 fie-

131 2011 259 2076 xiones
282 2011 442 2074 evitentur
463 2011 506 2092 (p.
524 2013 586 2083 11).

232 2112 269 2176 In
293 2113 577 2179 exercitationibus
598 2120 706 2180 autem
727 2114 841 2181 dextro
864 2116 958 2181 lateri
973 2114 1078 2196 magis
1093 2115 1298 2198 consulimus,

135 2234 209 2278 nou
222 2215 308 2297 quia,
324 2219 360 2280 ut
369 2214 571 2282 Hermannns
581 2217 614 2292 (l.
626 2217 647 2282 l.
657 2236 689 2300 p.
701 2217 755 2296 68)
767 2217 924 2301 opinatur,
936 2210 1056 2283 ‘dextri
1070 2217 1143 2300 gyri
1153 2216 1300 2298 frequen·

137 2318 209 2383 tior
223 2322 256 2380 et
270 2316 374 2399 magis
389 2318 589 2384 necessarius
604 2339 680 2386 usus
696 2325 764 2385 erat
778 2319 811 2385 iu
823 2318 1092 2401 dimicationibus,
1109 2337 1192 2400 quae
1207 2315 1301 2384 hasta

138 2425 175 2484 et
191 2417 303 2501 gladio
318 2411 608 2485 committebantur'
624 2441 750 2486 -nam
762 2428 873 2488 contra
887 2422 919 2486 in
934 2421 1052 2487 bellico
1069 2440 1128 2487 usu
1143 2419 1300 2502 quasdam

140 2520 352 2587 decursiones
374 2519 417 2585 ad
438 2522 565 2588 laevam
587 2523 695 2589 iacere
716 2525 838 2590 malunt
852 2544 948 2607 quam
964 2523 1006 2589 ad
1022 2522 1170 2589 dextram
1183 2520 1301 2588 -sed

140 2624 222 2705 quia
236 2643 304 2707 nos,
321 2625 441 2707 quippe
456 2626 510 2706 qui
522 2644 639 2709 equum
650 2626 847 2694 bisinistrum
859 2626 978 2692 hahere
990 2626 1135 2709 velimus,
1152 2625 1301 2691 dextmm

140 2728 231 2791 latus
252 2744 273 2790 a
294 2731 408 2792 natura
430 2728 611 2811 neglectum
626 2730 856 2796 exercitatione
872 2737 904 2795 et
925 2735 995 2795 arte
1009 2728 1137 2796 sinistro
1160 2745 1301 2810 aequare

146 2963 191 3024 „al
210 2958 453 3035 διατροχάζοντσς
469 2961 531 3030 μέν,
550 2961 642 3020 οπότε
660 2958 857 3037 άποβαίνοι
874 2967 945 3021 τῶν
962 2967 1106 3031 deiicis&
1133 2962 1302 3033 Quamquam

147 3049 219 3102 artis
237 3048 369 3117 equestris
388 3047 490 3115 peritos
509 3064 563 3102 non
580 3049 736 3104 inventuros
750 3065 809 3104 ease
827 3049 954 3118 speravit,
972 3048 1044 3116 qnod
1055 3048 1144 3103 verius
1156 3049 1303 3117 aptiusque

147 3133 253 3188 dietum
271 3146 333 3186 esse
349 3132 463 3198 uellent,
487 3138 577 3188 tsmm
595 3133 783 3203 Xenophontis
800 3133 884 3187 verba
905 3133 1054 3189 rectissime
1071 3149 1100 3188 se
1118 3133 1218 3188 habere
1236 3132 1303 3187 mihi

147 3217 257 3286 quidem
280 3232 442 3286 persuasum
465 3221 515 3272 est.
557 3221 649 3275 Verba
673 3221 742 3273 enim
772 3214 864 3276 ὁπότε
888 3215 1043 3292 άναβαίνοι
1065 3222 1108 3294 τῷ
1131 3221 1214 3294 δεξιῷ
1236 3233 1300 3272 con·

148 3302 288 3368 iungenda
304 3309 369 3358 sunt
386 3307 414 3358 et
430 3305 470 3358 sic
482 3307 624 3361 uertenda:
639 3297 714 3358 ‘cum
726 3304 851 3358 dextrum
863 3305 1026 3360 anteriorem
1037 3304 1132 3372 pedem
1144 3304 1302 3358 sublaturus

148 3381 214 3442 est’.
240 3386 310 3440 Nam
320 3403 450 3456 praeseus
459 3383 616 3462 άναβαίνοι
625 3388 732 3444 initium
740 3391 857 3444 actionis
869 3388 1012 3456 siguificat.
1030 3389 1063 3445 id
1071 3395 1162 3444 autem
1170 3393 1302 3457 punctum

150 3473 280 3539 temporis
299 3472 359 3528 ideo
377 3475 547 3542 aptissimum
565 3481 619 3540 est,
638 3489 691 3543 quo
710 3474 818 3528 sinistra
836 3474 1061 3543 quadrupedatim
1078 3488 1163 3543 equus
1180 3472 1302 3542 incipiat,

151 3555 225 3626 quod
244 3572 275 3611 eo
293 3561 455 3626 posteriores
472 3562 555 3631 pedes
573 3560 680 3615 tolutim
698 3559 786 3614 euntis
803 3558 843 3612 ita
862 3559 952 3628 posita
970 3564 1043 3622 sunt,
1060 3564 1092 3613 ut
1109 3559 1219 3614 sinistra
1236 3573 1302 3628 qua·

151 3642 343 3710 drupedantis,
360 3643 526 3697 anteriorum
543 3646 634 3697 autem
651 3643 751 3712 pedum
769 3641 890 3706 sinister,
909 3645 955 3713 qui
975 3646 1041 3698 tuuc
1059 3648 1133 3698 terra
1149 3643 1302 3709 nititur,‘eo

151 3728 254 3782 maiore
277 3729 303 3781 vi
325 3742 343 3781 a
366 3734 439 3782 terra
463 3727 588 3797 repulsus
611 3727 773 3782 anteriorem
797 3729 918 3798 corporis
942 3734 1048 3798 purtem
1064 3728 1093 3782 iu
1111 3729 1196 3782 altum
1213 3728 1302 3783 levare

153 3816 244 3880 potest
266 3819 294 3866 et
315 3813 439 3869 dextrum
463 3814 626 3868 anteriorem
649 3812 744 3882 pedem
768 3827 904 3882 superare.
940 3814 1126 3867 Admiratione
1147 3814 1243 3880 dignus
1262 3817 1304 3867 est

153 3902 230 3952 vetus
249 3898 373 3967 scriptor,
391 3899 435 3967 qni
453 3899 524 3968 quod
542 3915 594 3954 uos
609 3898 770 3966 imaginibus
788 3898 894 3952 demum
912 3900 972 3953 luce
990 3905 1100 3967 repente
1116 3899 1196 3968 pictis
1213 3898 1302 3966 (liny-

154 3983 270 4051 bridges'
287 3984 701 4053 Augenbliehsphotugraphien)
718 3982 875 4052 didicimus,
892 3984 920 4038 id
938 3984 994 4040 suis
1012 3983 1098 4053 ipsius
1116 3984 1202 4040 oculis
1219 3982 1302 4037 modi-

153 4069 256 4125 tatione
273 4075 301 4124 et
319 4069 487 4138 experientia
505 4069 636 4125 adhibitis
655 4068 846 4128 observaverit.
