3096 4766
413 319 447 373 A.
475 317 526 371 DE
544 315 784 372 HIPPODROMO
802 314 1003 372 HOMERIGO.
1245 315 1282 374 17

216 492 321 558 Minus
344 490 450 571 etiam,
474 507 570 572 quam
592 487 633 555 de
655 487 756 572 initio,
780 489 992 574 comperimus
1014 487 1056 554 ds
1078 506 1187 554 oureus
1209 487 1282 555 fine.

3 587 27 628 ἶ·
127 594 224 659 Hune
246 594 338 676 siguo
362 592 517 674 quodam,
540 590 694 672 fortasse,
716 592 744 656 si
765 593 888 675 plaeet,
911 589 1041 671 eodem,
1069 606 1133 671 quo
1155 589 1285 674 aphesis

3 694 26 734 '³'-
128 693 344 778 signifieatum
365 694 463 760 fuisse
485 712 616 760 neeesse
638 698 695 759 est.
740 691 866 758 Etenim
888 692 917 757 si
945 691 1115 774 defuisset,
1145 709 1284 772 quanam

4 801 26 840 '-
128 817 243 864 norma
266 796 401 862 vietoria
423 794 629 860 diiudieauda
650 795 742 860 erat?
777 795 879 861 Nemo
895 812 999 875 neque
1015 793 1206 860 certantium·
1225 811 1286 861 nee

21 903 25 944 ³
129 905 347 982 spectatorum
369 898 529 978 scivisset,
555 896 684 962 ubinam
707 897 808 962 iustus
834 893 982 962 surrendi
1002 893 1075 961 finis
1098 900 1192 962 esset.
1236 895 1285 961 Ao

7 1007 20 1047 ⁴·
130 999 219 1081 quod
253 999 440 1066 Antilochus
472 999 653 1064 Menelaum
687 998 802 1082 eapitis
840 997 948 1080 equini
983 999 1051 1063 fere
1083 996 1285 1079 longitudine

129 1109 261 1186 superat
283 1108 324 1176 (v.
342 1103 518 1184 515-23),
547 1098 629 1166 haee
657 1098 840 1167 differentia
861 1120 882 1165 a
909 1097 1071 1167 iuditibus
1092 1120 1158 1165 non
1178 1107 1286 1184 potest

3 1217 20 1257 ἱ·
132 1205 238 1289 statui,
260 1205 322 1270 nisi
339 1205 449 1270 oeulos
471 1202 515 1268 ad
530 1201 712 1268 oolumnam
727 1203 782 1268 vel
797 1201 910 1268 sudem
932 1200 987 1266 vel
1009 1207 1127 1267 metam
1149 1202 1204 1270 vel
1219 1203 1284 1268 tale

131 1305 209 1388 quid
231 1294 529 1389 (‘Siegsspfosten’)
550 1305 733 1370 collineant.
779 1303 882 1382 Quam
905 1304 946 1370 ob
968 1321 1037 1367 rem
1059 1303 1177 1387 imago,
1201 1323 1284 1388 quae

4 1402 15 1466 ἶ
130 1408 255 1472 curruls
279 1413 441 1484 pertamen
463 1407 496 1470 in
512 1405 623 1470 Peliae
638 1407 754 1471 mortui
774 1404 929 1472 honorem
951 1404 1130 1471 institutum
1153 1405 1286 1472 exhibet

3 1529 12 1569 r
130 1509 225 1584 (lton.
242 1507 273 1572 d.
289 1508 365 1576 Inst.
381 1510 446 1576 vol.
462 1509 503 1573 X.
526 1508 592 1572 tab.
607 1507 680 1572 IIII.
704 1515 737 1574 et
750 1507 811 1591 V.),
833 1527 897 1573 non
918 1507 964 1571 ita
985 1507 1204 1590 intellegenda
1225 1514 1283 1607 est,

3 1631 15 1672 ·..
128 1611 221 1692 quasi
244 1611 347 1692 piotor
369 1616 434 1676 tres
456 1609 525 1674 ludi
548 1609 777 1693 moderatores,
803 1610 967 1690 Acastum,
989 1609 1142 1692 Argeum,
1165 1606 1284 1674 Phere-

3 1759 14 1774 .
129 1717 210 1794 tem,
245 1731 302 1776 ora
335 1719 445 1779 eontra
473 1711 647 1794 quadrigas
680 1711 897 1778 decertaturas
924 1716 1161 1806 convertentes¹
1176 1711 1284 1776 faeere

3 1841 5 1846 v
129 1813 302 1878 voluisset:
324 1833 399 1878 narn
414 1813 564 1878 iumentis
578 1813 720 1879 maximo
735 1815 858 1896 impetu
871 1812 1037 1878 ruentibus
1053 1812 1161 1878 obtriti
1177 1819 1284 1879 essent
1312 1868 1315 1878 ,

3 1939 8 1980 ;
132 1947 169 1957 -
194 1913 253 1978 sed
276 1915 331 1997 ita,
354 1920 389 1980 ut
410 1915 543 1998 aurigae
565 1914 647 1980 inter
669 1935 725 1980 eos
748 1921 780 1981 et
801 1911 944 1995 tripodes
965 1913 1192 1996 pervehantur.
1217 1914 1284 1979 *Ad

2 2045 6 2086 1
130 2013 244 2079 horum
260 2015 355 2097 enim,
371 2017 427 2097 qui
441 2016 585 2099 praemia
599 2016 755 2099 propositi
771 2022 852 2098 suut,
869 2020 1047 2081 extremum
1061 2014 1185 2081 iudioes
1199 2015 1282 2081 alius

3 2145 8 2186 r
130 2116 223 2180 iuxta
244 2117 344 2181 aliurn
366 2116 515 2184 sedentes
538 2118 647 2183 oeulos
669 2117 818 2183 videntur
840 2117 1021 2183 oollineare.
1063 2116 1155 2182 Hane
1176 2134 1282 2182 rerum

131 2217 287 2282 rationem
310 2217 426 2283 artifex
447 2237 486 2283 eo
510 2218 712 2302 significavit,
736 2218 822 2302 quod
837 2218 961 2284 iudiees
984 2219 1103 2301 quippe
1126 2219 1282 2300 speotanti

3 2367 4 2372 η
130 2318 297 2400 propiores
318 2320 440 2402 aurigis
463 2327 495 2385 et
517 2321 608 2402 equis
630 2321 795 2404 aliquanto
818 2322 956 2388 maiores
979 2320 1135 2426 depinxit.
