3096 4766
253 210 295 268 24
534 208 566 264 B.
594 209 644 264 DE
661 207 902 264 HIPPODROMO
920 208 1123 264 NONNIANO.

254 383 299 449 VI
313 387 352 446 41
376 383 410 446 in
426 384 656 465 epigrammate
672 381 833 464 Agathiao
848 381 1050 466 Scholastici,
1070 401 1133 464 quo
1149 381 1292 464 agricola
1307 379 1423 446 Galli-

255 503 364 551 menes
386 482 496 550 Cereri
518 485 637 550 rustica
659 484 868 550 instrumento
889 485 995 550 vovit:

528 599 656 688 τμήξας
678 593 837 685 εὖαρότου
860 599 954 688 ῥάχιν
978 593 1129 684 ὀργάδας.

254 719 373 786 Verum
394 740 501 787 nonne
529 720 582 789 hic
605 740 732 804 quoque
755 722 847 787 collis
869 723 958 787 notio
987 721 1155 804 aptissima
1176 718 1248 784 est?
1291 719 1419 784 Nonne

254 823 403 906 permulti
424 823 494 906 agri
516 823 593 889 culti
616 824 649 888 in
671 823 807 889 collibus
833 830 906 889 sunt
934 823 1012 890 siti?
1056 820 1147 900 Quae
1171 841 1242 886 cum
1265 821 1311 885 ita
1333 821 1418 904 sint,

256 924 289 988 in
310 942 391 990 voce
419 919 513 1008 ῥάχις
540 924 692 990 mendum
713 924 934 993 latere‘oredo
957 931 989 989 et
1017 924 1123 988 scribo
1146 921 1319 988 admodum
1343 923 1419 987 leni

256 1026 432 1090 mutatione
454 1023 597 1111 ῥαγάς,
627 1036 691 1109 'quo
720 1028 880 1093 vocabulo
910 1034 1012 1092 terrae
1039 1023 1154 1091 fissura
1176 1025 1245 1090 sive
1268 1043 1420 1090 caverna
1522 1095 1523 1108 η

256 1125 468 1222 significatur,
496 1128 586 1193 velut
612 1127 709 1193 Diod.
724 1127 788 1194 Sic.
804 1129 820 1193 I
836 1131 891 1192 39:
921 1127 1026 1212 „movi
1054 1122 1116 1210 γὰρ
1145 1121 1205 1212 τὴν
1227 1123 1418 1208 Αἴγυπτον

257 1217 394 1290 ἅπασαν
423 1221 525 1292 οὖσαν
553 1225 817 1308 ποταμόχωστον
845 1229 901 1294 καὶ
927 1225 1066 1314 χαύνην,
1095 1225 1146 1293 ἔτι
1175 1225 1211 1291 δὲ
1238 1224 1417 1312 κισηρώδη
1522 1243 1523 1258 ’

255 1323 316 1414 τὴν
339 1324 450 1412 φύσιν,
473 1326 658 1414 ῥαγάδας
679 1352 716 1394 τε
737 1326 883 1412 μεγάλας
896 1331 953 1394 καὶ
970 1328 1129 1415 διηνεκεῖς
1148 1327 1263 1409 ἕχειν“.
1293 1322 1418 1412 Ῥαγᾶς

257 1436 365 1496 antem
391 1428 577 1494 κοιλαίνετο
599 1435 696 1517 γαίης
718 1451 759 1497 ea
786 1431 889 1514 figura
917 1432 1037 1498 dictum
1066 1438 1129 1514 est,
1157 1452 1221 1515 qua
1243 1431 1414 1497 tritissima

257 1537 387 1613 poetae,
417 1530 503 1614 quod
532 1534 632 1598 verbo
660 1533 730 1600 fieri
759 1532 892 1616 dieitur,
922 1535 956 1598 id
978 1535 1177 1600 substantivo
1200 1534 1264 1597 iam
1287 1533 1411 1599 factum

257 1632 450 1714 anticipant:
475 1627 640 1700 ‘Goartato
662 1639 769 1700 autem
791 1632 888 1700 fluctu
909 1636 1041 1719 pluviae
1070 1642 1187 1701 terram
1210 1635 1412 1702 corrodentis

258 1754 398 1800 caverna
421 1737 638 1801 excavabatur
660 1728 789 1801 terrae’.
942 1721 944 1725 ¹
