3088 4774
270 267 311 326 96
670 269 702 327 Β.
729 265 781 324 DE
799 269 1020 327 TARAXIPPO.

271 433 471 522 αὐλίζεσθαι
493 442 654 527 λέγουσιν.
688 443 773 509 Huic
788 444 1046 528 Taraxipporum
1067 445 1188 528 speciei
1204 445 1302 512 etiarn
1315 445 1425 513 Ische·

269 565 345 627 nos,
373 547 467 629 gigas
489 547 545 612 ille
568 544 741 629 Olympiae
763 547 922 628 sepultus,
952 546 1213 614 adnumerandus
1242 553 1306 613 est:
1336 549 1426 632 qnod

269 647 464 732 Lycophron
486 667 559 714 eum
581 655 821 733 commemorat,
847 648 923 713 inde
945 648 1012 713 iarn
1034 654 1109 713 ante
1130 648 1427 716 Alexandrinorum

269 755 417 834 tempora
445 749 529 816 hanc
558 752 700 834 speciem
729 743 832 816 ortam
860 770 931 817 esse
960 751 1165 816 manifestum
1191 756 1248 816 est
1294 749 1362 818 Sed
1385 773 1428 819 ne

269 852 324 919 hic
351 852 483 936 quidem
510 873 576 936 qua
604 852 645 919 de
674 872 773 919 causa
794 852 998 935 Taraxippus
1026 852 1130 918 fautus
1158 851 1214 936 sit,
1244 853 1428 922 e'l'zetuac

269 955 393 1022 scholio
415 955 459 1022 ad
475 955 682 1022 Alexandrea
703 975 734 1019 v,
749 957 790 1017 42
810 954 974 1038 adscripto
996 954 1074 1020 satis
1096 953 1248 1020 discimus
1264 957 1308 1038 (p.
1324 959 1426 1033 100²).

354 1059 428 1124 Tali
450 1059 564 1124 fascini
590 1057 742 1140 opinione
763 1056 829 1121 iam
850 1057 921 1140 via,
949 1061 985 1121 ut
1006 1057 1052 1122 ita
1073 1055 1196 1138 dicam,
1225 1057 1361 1139 patebat
1383 1058 1428 1123 ad

269 1161 429 1243 magicam
450 1147 668 1242 Amphionis·
698 1157 769 1240 Hic,
792 1157 1018 1241 quodecim,
1042 1156 1104 1223 hoc
1125 1159 1195 1224 solo
1218 1158 1291 1224 loco
1316 1156 1427 1234 δεινὸς

267 1264 432 1348 μαγεῦσαι
454 1262 585 1328 dicitur:
609 1259 773 1343 Orpheum
793 1260 897 1326 omnis
920 1262 1047 1343 magiae
1069 1259 1216 1326 Graecae
1237 1261 1426 1343 antiquissi-

267 1386 355 1432 mum
376 1367 497 1432 iontem
520 1370 552 1429 et
574 1364 731 1446 originem
760 1361 905 1428 habitum
934 1380 1006 1428 esse
1032 1362 1114 1427 inter
1136 1380 1247 1429 omnes
1270 1367 1428 1441 constct1)

268 1467 336 1543 (cfr.
360 1465 501 1548 exempli
523 1465 629 1548 gratia
647 1465 742 1530 Pane.
757 1464 790 1528 Π
805 1466 856 1546 30,
873 1465 908 1528 2:
934 1465 1028 1529 Θεῶν
1052 1462 1087 1528 δὲ
1109 1461 1296 1548 Αἰγινῆται
1318 1466 1426 1546 τιμῶ·

268 1587 322 1630 σιν
333 1560 468 1652 Ἑκάτην
490 1564 647 1650 μάλιστα,
670 1565 725 1630 καὶ
747 1561 881 1648 τελετὴν
904 1558 1042 1649 ἄγουσιν
1066 1557 1129 1630 dud
1152 1566 1221 1629 πᾶν
1244 1560 1426 1641 ἕτσςἙκά-

266 1691 335 1756 της,
354 1660 480 1755 Ὀρφέα
503 1672 603 1755 σφίσι
624 1664 682 1733 τὸν
700 1668 816 1754 Θρᾷκα
837 1664 1118 1751 καταστήσασθαι
1138 1664 1196 1751 τὴν
1211 1666 1346 1757 τελετὴν
1370 1670 1426 1734 λέ-

266 1774 414 1855 γοντες).“
435 1771 612 1838 Putabatnr
634 1772 732 1854 igitur
753 1769 921 1835 daemonis
938 1770 1069 1836 notione
1090 1772 1187 1854 plane
1209 1779 1335 1838 remota
1357 1773 1423 1838 ianr

265 1895 330 1940 non
352 1874 447 1942 heros
471 1875 650 1941 invidiosus
672 1892 772 1957 equos
794 1891 915 1955 pavore
937 1873 1088 1956 implere,
1114 1893 1227 1939 verum
1247 1894 1300 1941 res
1323 1895 1422 1958 qnae·

267 1977 343 2043 dam
365 1979 531 2043 interram
547 1977 706 2051 infossa.²)
739 1973 810 2051 Quo
825 1974 944 2040 factum
959 1979 1017 2056 est,
1040 1981 1075 2040 ut
1090 1976 1188 2041 etiam
1209 1977 1305 2043 rebus
1321 1978 1422 2042 Tara-

265 2082 358 2165 xippi
379 2101 496 2147 nomen
518 2079 691 2160 inderetur,
714 2079 804 2142 velut
825 2075 1000 2160 pharmaco
1022 2077 1151 2142 cuidam
1172 2078 1214 2143 ab
1230 2078 1313 2144 Iulio
1336 2078 1421 2143 Afri·

266 2204 347 2250 cano
370 2184 543 2267 descripto,
566 2183 655 2248 cuius
671 2181 752 2246 cdor
773 2199 873 2262 equos
889 2179 994 2245 imore
1009 2180 1122 2262 implet
1137 2179 1282 2251 (Veteres
1298 2180 1420 2246 mathe-

265 2287 386 2369 matici,
402 2287 534 2354 Parisiis
546 2282 765 2351 M.D(lX(lllI.
776 2302 808 2365 p.
818 2283 903 2357 293).
932 2281 1085 2348 Eiusdem
1098 2281 1220 2348 verbis:
1236 2275 1421 2363 „Erigonae

266 2387 378 2452 δὲκαὶ
403 2380 500 2451 ἄλλοι
521 2383 693 2466 μάχεσθαι
714 2383 886 2464 μέλοντες·
910 2374 948 2446 οὗ
970 2379 1035 2467 μὴν
1058 2374 1143 2446 ἀλλὰ
1166 2382 1221 2447 καὶ
1237 2380 1363 2450 θύουσι
1386 2381 1420 2448 ἐν

266 2481 370 2572 ἆγώνι
391 2485 634 2572 καθεστηκότες
652 2481 866 2568 Ταραξίππῳ
881 2483 1095 2551 Πσσειδώνι“
1117 2485 1161 2551 ad
1177 2505 1312 2569 pravam
1328 2487 1419 2552 illam

265 2591 307 2656 de
322 2591 509 2672 Taraxippc
524 2587 666 2670 Neptuni
681 2587 872 2669 cognomine
887 2588 1077 2654 sententiam
1098 2607 1298 2670 revocemur,
1322 2609 1417 2672 quarn

264 2679 474 2758 nouissimam
495 2695 573 2773 puto
596 2689 768 2756 exstitisse.
801 2689 886 2755 Nam
908 2690 936 2755 si
958 2690 1074 2772 quibus
1096 2689 1267 2756 multitudo
1289 2691 1417 2757 illorum

264 2792 398 2860 heroum
420 2812 479 2875 pro
501 2792 632 2858 luscinis
655 2791 837 2856 habitorum
860 2799 892 2857 et
914 2793 1042 2875 magica
1069 2812 1197 2876 quoque
1220 2792 1330 2876 opinio
1353 2793 1416 2860 dis·
1518 2867 1519 2872 ρ

263 2897 419 2980 plicabat,
448 2894 491 2961 ad
520 2895 615 2962 doum
644 2895 830 2978 refugerunt
851 2899 883 2959 et
905 2894 947 2958 ad
977 2913 1147 2976 quemnam
1171 2894 1267 2959 deum
1289 2896 1352 2962 nisi
1374 2895 1415 2960 cd

263 3018 419 3083 equorum
441 2999 700 3082 equestriumque
723 2995 888 3062 hominurn
903 2996 1111 3080 Neptunum?
1144 2995 1228 3063 Huic
1250 2998 1336 3063 enirn
1358 3017 1415 3080 pro

263 3122 369 3168 rerum
392 3103 587 3185 equestrium
609 3100 822 3185 prosperitate
844 3099 877 3164 in
899 3100 964 3166 aris
986 3097 1166 3166 sacrificare
1189 3099 1277 3165 soliti
1299 3102 1332 3165 in
1356 3100 1416 3165 hac

264 3222 392 3287 quoque
413 3223 471 3268 ara
493 3202 610 3268 deinde
633 3201 792 3270 sacrificia
812 3203 988 3285 faciebant,
1017 3208 1052 3268 nt
1080 3222 1153 3268 eum
1178 3202 1363 3284 mitigarent
1384 3210 1415 3268 et

264 3305 444 3373 adiutorem
472 3305 534 3370 sibi
563 3306 815 3371 reconciliarent.
866 3306 1045 3389 Taraxippi
1078 3312 1185 3370 autern
1213 3323 1329 3370 nornen
1358 3324 1415 3388 per

262 3408 395 3475 saecula
408 3412 570 3474 servatum
586 3426 651 3472 non
664 3400 854 3492 reiecerunt,
876 3408 936 3474 sed
954 3407 1154 3490 cognominis
1176 3407 1248 3473 loco
1264 3407 1413 3489 Neptuno

261 3529 432 3594 perperam
454 3508 657 3574 addiderunt.
702 3508 927 3576 Lehndorffins
950 3529 1021 3575 cum
1044 3509 1118 3573 aliis
1140 3507 1322 3574 Pausaniae
1344 3528 1413 3575 sen·
1516 3545 1517 3570 r

262 3612 395 3678 tentiam
424 3611 565 3694 probans
588 3610 674 3685 (adn.
691 3613 759 3688 30):
786 3605 977 3678 ‘Pausanias
1006 3600 1163 3695 gelcngt',
1192 3611 1254 3693 ait,
1280 3603 1333 3677 ‘nu
1357 3610 1414 3676 der

264 3725 464 3732 .--——-—-

350 3783 374 3844 1)
392 3777 447 3832 Gir.
466 3778 645 3833 Ennemoseri
661 3777 809 3832 Historiam
827 3779 930 3846 magiae
947 3776 1023 3846 lips.
1044 3780 1119 3830 1844.
1138 3778 1227 3844 §²3¹-
1515 3843 1516 3854 ρ

347 3869 372 3930 2)
391 3862 447 3918 Cfr.
465 3862 519 3918 Dio
537 3863 631 3932 Chrys.
651 3879 690 3919 or.
708 3861 822 3918 XXXll.
839 3880 866 3932 p.
885 3866 936 3916 414
953 3877 977 3915 u.
1000 3865 1029 3914 15
1048 3859 1144 3917 Dindz
1166 3853 1255 3926 „dccv
1272 3864 1302 3921 δὲ
1320 3863 1360 3930 εἰς
1378 3859 1411 3920 τὸ
1515 3865 1516 3943 l

261 3950 389 4022 θέατρον
406 3947 574 4006 εἰσέλθωσιν
590 3945 609 4021 ἢ
625 3943 659 4006 τὸ
684 3945 815 4016 στάδιον,
837 3938 954 4018 ὥσπερ
976 3942 1177 4018 φαρμάκων
1199 3941 1324 4015 αὐτοῖς
1340 3947 1413 4006 ἐκεῖ

259 4033 607 4106 κατορωρυγμένων,
627 4026 708 4092 οὐδὲν
726 4031 818 4090 οἴδασι
837 4037 896 4089 τῶν
913 4031 1087 4104 προτέρων.“
