3088 4774
267 287 309 346 74
662 286 696 338 A.
723 283 774 338 DE
792 283 1028 339 CARGERIBUS.

266 463 317 541 86,
335 463 364 542 3,
387 456 440 540 qui
463 458 579 524 falsam
600 477 715 542 passus
737 464 786 524 est
805 456 1099 541 interpretationem
1113 451 1202 538 (von
1217 455 1342 537 Einem,
1365 454 1428 522 der

266 560 335 628 sich
359 551 501 644 beeilt'):

556 655 574 726 ό
597 659 714 748 ψόφος
735 644 775 748 ἦν
797 653 967 747 όσπληγος
990 657 1023 724 ἐν
1047 651 1156 723 οὔασι.

352 762 442 841 Quae
470 784 547 830 vero
574 771 744 848 praeterea
771 783 813 828 ex
839 763 897 828 illo
925 763 1018 827 titulo
1048 760 1216 842 discimus,
1252 779 1292 826 ea
1323 761 1425 826 etiam

266 867 397 949 gravius
426 865 575 932 videntur
603 886 682 933 esse.
726 864 936 930 Praenkelius
965 883 1017 929 vv.
1047 867 1065 926 3
1097 867 1129 928 et
1159 869 1177 925 4
1208 883 1281 926 cum
1311 862 1426 926 verbis

266 967 446 1033 Pausaniae
469 967 585 1050 vluo,
611 973 646 1031 11
677 965 831 1052 oppidum
860 964 1041 1048 Olympiaci
1068 963 1273 1049 hippodromi
1304 965 1427 1029 deseri·

267 1070 373 1135 beutis
394 1088 523 1154 prorsus
545 1087 718 1150 congruere
741 1067 851 1134 dicens
868 1068 968 1133 verba
989 1068 1093 1150 magis
1115 1066 1353 1150 contemplatus
1376 1073 1428 1129 est

268 1188 365 1251 quam
386 1191 462 1237 rem.
499 1171 624 1236 Etenim
647 1171 733 1251 quod
749 1171 926 1236 Pausanias
949 1176 981 1236 et
1002 1170 1056 1236 hic
1077 1167 1277 1234 versificator
1299 1166 1428 1232 eisdem

267 1272 334 1338 fere
349 1273 457 1337 verbis
472 1277 600 1337 utuntur
616 1270 770 1359 (ὕσπληξ,
786 1272 894 1349 κάλως
910 1279 942 1337 et
955 1269 1146 1356 καλῴδιον),
1163 1289 1248 1353 quae
1263 1270 1306 1335 ad
1323 1271 1426 1335 talem

267 1394 335 1439 rem
361 1373 604 1440 describendam
631 1395 736 1459 paene
764 1374 948 1441 neccssaria
976 1379 1064 1456 sunt,
1097 1373 1173 1438 inde
1202 1393 1271 1438 rem
1293 1392 1427 1456 quoque

267 1473 353 1559 apud
376 1484 542 1555 utrumque
565 1476 699 1542 eandem
723 1495 795 1542 esse
810 1477 941 1542 minime
956 1473 1207 1541 concludendum
1222 1481 1282 1540 est
1321 1475 1426 1540 lmmo

266 1575 425 1642 resvelde
436 1575 566 1644 interse
582 1578 771 1663 discrepant.
800 1579 885 1644 Nam
901 1599 972 1643 oum
983 1577 1161 1643 Pausaniae
1173 1573 1206 1658 (6
1217 1579 1270 1658 13)
1283 1575 1325 1641 de
1338 1597 1425 1642 eom-

267 1678 412 1762 pluribus
432 1679 561 1746 funibus
575 1681 709 1762 singulis
724 1681 914 1746 stationibus
929 1680 1106 1763 praetentis
1121 1687 1232 1760 aperte
1248 1677 1347 1759 dicat,
1371 1679 1425 1743 hie

267 1799 348 1845 unus
369 1782 485 1846 saltem
500 1784 667 1848 universos
682 1804 790 1850 currus
804 1783 901 1848 alium
917 1782 1008 1846 iuxta
1023 1781 1131 1864 alium,
1154 1781 1236 1846 utin
1252 1781 1346 1846 oimis
1361 1781 1424 1846 Ro-

267 1884 379 1966 manis,
394 1884 588 1968 compositos
602 1881 732 1968 (ἀθρόα
747 1883 873 1966 πάντα)
890 1884 1019 1952 cohibet
1031 1885 1075 1964 (v.
1087 1905 1117 1968 p.
1131 1886 1171 1946 75
1184 1881 1284 1966 adn).
1312 1881 1423 1948 Unde

268 1986 442 2053 efficitur
464 1987 659 2053 inventum
680 1987 865 2054 Gleootae
887 1995 975 2053 tunc
997 1986 1179 2070 temporis
1201 1986 1234 2052 h.
1250 2005 1278 2051 e.
1293 1985 1422 2049 medio

268 2089 392 2156 tertio
420 2109 449 2155 a.
480 2089 542 2156 Oh.
572 2089 736 2156 saeculo
765 2089 980 2174 Olympiae
1008 2088 1181 2154 nondum
1211 2087 1422 2168 extitisse,

267 2192 406 2274 itaque
428 2191 636 2259 Oleoetam
658 2213 749 2275 nou,
781 2199 814 2257 ut
837 2192 897 2257 viri
920 2190 1007 2258 docti
1028 2191 1125 2256 meris
1147 2189 1338 2256 coniecturis
1361 2190 1422 2254 nisi

268 2294 374 2361 adhuc
396 2302 571 2377 senserunt,
594 2294 704 2361 circa
726 2293 782 2360 01.
798 2295 941 2360 LXXX
961 2293 1018 2376 (=
1034 2294 1119 2377 466),
1142 2292 1213 2359 sed
1235 2293 1328 2377 plus
1351 2291 1421 2356 du-

268 2397 398 2461 centis
421 2396 537 2461 annis
563 2401 654 2479 post
680 2395 847 2462 vixisse.
884 2395 1000 2463 Omnia
1014 2396 1108 2479 enim,
1132 2396 1272 2480 quaeda
1289 2394 1422 2460 Gleoetu

268 2497 402 2579 seimus,
428 2497 608 2561 Pausaniae
631 2496 800 2562 debemus:
830 2504 862 2562 et
884 2497 967 2581 patri
990 2498 1058 2563 eius
1081 2503 1113 2563 et
1134 2496 1201 2562 filio
1223 2517 1339 2562 nomen
1362 2495 1422 2562 luit

268 2597 443 2662 Aristocles
466 2597 524 2679 (VI
540 2601 596 2680 26,
616 2603 662 2663 14.
697 2599 751 2664 olr.
768 2618 797 2682 p.
815 2601 855 2662 59
871 2605 904 2664 et
918 2599 946 2664 V
962 2602 1018 2680 24,
1042 2600 1087 2679 5).
1130 2599 1260 2664 Patrem
1283 2597 1420 2663 eundem

267 2697 460 2763 Aristoclem
489 2717 560 2764 esse
589 2701 806 2784 coniecerunt,
838 2701 892 2782 qui
920 2701 1009 2766 illam
1038 2701 1210 2766 Aristionis
1238 2701 1419 2765 columnam

268 2800 358 2882 lecit3
386 2799 488 2867 tilium
511 2802 664 2885 eundem,
693 2803 752 2883 qui
769 2805 871 2886 patris
900 2803 1029 2869 nomine
1050 2803 1169 2868 omisso
1191 2800 1262 2867 OIA
1282 2801 1314 2866 Π
1329 2801 1419 2864 652ss

267 2904 324 2986 (=
340 2901 419 2970 Ditt.
434 2903 507 2988 syll.
524 2907 585 2969 366
595 2905 629 2987 b)
645 2903 695 2970 01.
710 2904 806 2994 XCV.
821 2906 915 2970 tertio
932 2925 1016 2971 anno
1032 2905 1088 2990 (=
1104 2904 1211 2988 398)7)
1233 2901 1419 2968 lundomen-

268 3013 335 3072 tum
364 3006 527 3073 Minervae
554 3006 693 3091 Virginis
720 3007 897 3073 restituisse
927 3012 1200 3074 commemoratur.
1245 3004 1331 3083 Quid
1357 3005 1419 3070 hae

269 3109 486 3191 coniecturae,
509 3126 589 3189 quas
611 3127 814 3193 nequaquam
837 3111 1034 3177 necessarias
1057 3127 1128 3175 esse
1150 3109 1329 3174 concedunt
1352 3107 1418 3187 (cfr.

270 3210 450 3295 Overbeek,
472 3212 591 3276 Antike
607 3211 855 3291 Schrit'tquelleu
877 3219 937 3278 ete.
960 3212 1203 3293 audoueus),
1227 3216 1337 3275 eontra
1358 3208 1418 3274 hoc

269 3313 484 3379 testimonium
513 3313 645 3379 valent?
696 3312 768 3377 Huc
795 3314 914 3399 optime
944 3316 1097 3397 quadrat,
1126 3311 1212 3395 quod
1241 3312 1417 3377 Pausanias

270 3423 409 3481 statuam
424 3435 444 3478 a
459 3414 592 3480 Cleoeta
606 3415 741 3480 Athenis
762 3417 881 3482 factam
896 3415 964 3498 (cfr.
980 3439 1011 3502 p.
1028 3416 1082 3498 59)
1110 3414 1250 3497 antiquis
1271 3413 1416 3498 operibus

271 3516 391 3582 diserte
413 3517 547 3600 opponit
570 3516 599 3598 (Ι
614 3519 672 3598 24,
695 3521 728 3582 3:
758 3515 852 3595 ὅστις
875 3513 974 3583 δὲτὰ
1006 3514 1065 3580 σὺν
1087 3519 1182 3600 τέχνη
1205 3517 1415 3601 πεποιημένα

263 3613 325 3702 [π
346 3612 502 3703 νεώτερα]
534 3613 730 3702 ἐπίπροσθε
756 3623 895 3684 τίθεται
927 3619 1008 3681 τῶν
1044 3613 1083 3692 ἐς
1118 3610 1415 3704 ἀρχαιότητα

270 3715 473 3804 ἡκόντων,
496 3719 552 3783 καὶ
569 3717 650 3783 τάδε
666 3719 756 3786 ἔστιν
773 3719 805 3785 oi
819 3717 1043 3795 θεάσασθαι).
1080 3718 1252 3785 Praeterea
1267 3720 1414 3801 sequitur,

269 3830 305 3886 ut
333 3821 389 3888 ille
416 3821 590 3906 Aristides,
626 3823 681 3903 qui
708 3823 872 3888 machinas
906 3819 1027 3884 inventi
1055 3818 1206 3886 Cleoetae
1236 3822 1415 3888 emendavit

272 3925 316 4002 (v.
332 3942 364 4005 p.
381 3924 436 4005 59)
458 3944 522 3990 nou
543 3923 701 4008 Polycleti
729 3924 904 4008 discipulus
933 3919 1074 3988 eiusdem
1095 3922 1232 3988 nominis
1253 3943 1325 3990 esse
1345 3943 1415 4006 pos·

270 4024 328 4106 sit,
362 4041 457 4105 quem
490 4026 716 4110 quadrigarum
749 4025 958 4108 bigarumque
990 4023 1144 4090 artificem
1172 4024 1270 4092 luisse
1297 4025 1415 4090 Plinius
