3088 4774
272 297 313 355 82
667 295 700 347 A.
728 293 779 347 DE
797 291 1033 346 CARGERIBUS.

273 471 346 535 alae
369 469 523 534 stationes
551 471 731 550 postremas
752 465 887 550 pluralis
916 471 1048 549 spectet.
1092 465 1193 529 Porro
1215 483 1281 529 non
1304 461 1434 526 intelle·

274 590 392 653 geram,
416 589 472 636 cur
494 569 648 651 deinceps
670 573 781 634 auctor
802 568 902 633 verbo
924 563 1020 642 τάξις
1041 585 1117 632 usus
1140 571 1234 647 essct,
1258 583 1332 630 oum
1354 564 1434 628 sim-

273 672 401 756 pliciter
423 667 545 756 οἵκημα
568 671 676 737 dicere
697 674 816 753 posset.
864 665 967 744 Τάξις
989 674 1038 734 est
1060 666 1155 748 ordo,
1185 668 1303 748 series,
1331 665 1434 745 aeica,

275 792 358 856 quae
380 792 444 839 non
465 774 508 839 ab
530 793 593 840 uno
616 773 805 853 efficiuntur,
828 770 886 836 sed
909 789 1036 853 semper
1058 769 1249 853 apluribus.
1283 763 1436 848 Πρώτας

274 880 382 940 autem
406 863 578 960 ὕσπληγας
606 894 670 939 non
700 874 880 956 complures
910 870 1054 939 eiusdem
1082 873 1156 936 alae
1183 869 1394 953 propioribus
1417 890 1437 933 a

276 979 401 1060 porticu
424 976 614 1043 stationibus
635 980 819 1058 praetentos
834 975 927 1039 funes
943 993 1014 1039 esse
1036 972 1112 1039 inde
1135 973 1248 1055 elucet,
1273 971 1365 1054 quod
1389 973 1437 1036 eis

277 1078 448 1162 opponitur
470 1075 606 1158 δευτέρα
627 1072 731 1151 τάξις.
776 1075 862 1158 Ergo
890 1075 932 1140 ab
961 1080 1096 1156 utraque
1125 1074 1236 1157 oppidi
1259 1075 1314 1140 ala
1337 1073 1438 1138 simul

276 1181 409 1246 missum
439 1198 510 1245 esse
538 1199 602 1244 non
629 1184 736 1261 potest
757 1177 879 1259 negari.
925 1174 1079 1242 Similiter
1104 1181 1233 1258 peccat,
1264 1175 1356 1258 qnod
1379 1175 1437 1239 du·

276 1282 468 1364 bitatnum
491 1281 622 1347 sinistra
643 1281 698 1345 ala
719 1279 848 1344 omnino
872 1279 1026 1343 stationes
1054 1276 1245 1358 habuerit1),
1274 1297 1351 1343 cum
1374 1276 1439 1343 hoc

277 1369 388 1448 auctor
414 1382 534 1465 plurali
560 1387 672 1464 aperte
700 1380 912 1456 indicetur:
936 1371 1149 1464 ᾠκοδόμηται
1171 1375 1207 1443 δὲ
1230 1375 1265 1442 ἐν
1288 1370 1438 1452 αὐταῖς

279 1479 364 1568 [ταῖς
393 1478 565 1568 πλευραῖς]
597 1479 784 1566 οἰκήματα).
836 1483 881 1550 Ut
909 1488 1017 1548 autem
1046 1481 1091 1576 ibi
1121 1500 1247 1564 quoque
1278 1482 1438 1547 stationes

277 1585 409 1667 fuerint,
438 1583 480 1650 ad
510 1604 605 1667 quem
633 1605 724 1652 usum
754 1603 810 1650 eas
841 1585 1039 1667 spectavisse
1072 1590 1217 1665 censeat,
1239 1581 1435 1672 ¹videamus.

277 1685 364 1751 Inter
386 1684 450 1750 duo
474 1685 530 1751 dat
551 1687 729 1769 optionem:
751 1692 808 1751 aut
829 1686 862 1751 in
878 1687 925 1752 eis
939 1692 1068 1768 paratos
1091 1687 1336 1769 exspectavisse
1358 1703 1436 1767 agc-

278 1786 379 1852 nistas
400 1789 549 1870 proximo
573 1789 746 1854 certamine
769 1793 960 1869 certaturos,
990 1786 1095 1853 donec
1117 1787 1252 1853 dextrae
1273 1786 1348 1853 alae
1371 1794 1435 1852 sta·

278 1890 382 1954 tiones
404 1889 446 1954 ab
461 1889 664 1955 antecedenti
679 1892 778 1956 missu
796 1891 1059 1972 relinquerentur,
1082 1895 1117 1953 ut
1139 1895 1207 1954 tum
1229 1889 1262 1954 in
1285 1887 1337 1954 his
1361 1909 1435 1954 con·

280 1992 445 2073 sisterent,
473 1995 530 2055 ant
550 2009 608 2072 pro
631 1991 807 2074 frigidariis
836 1991 936 2057 fuisse
966 1990 1013 2055 eis
1040 1991 1148 2073 equis,
1178 1990 1233 2072 qui
1256 1991 1435 2056 certatione

281 2093 346 2157 iam
375 2091 596 2158 desudassent.
644 2093 751 2171 (Quod
779 2092 873 2158 dicit:
900 2084 964 2156 ‘als
991 2089 1177 2157 Kuhlstalle
1204 2091 1256 2155 fflr
1284 2090 1340 2156 dic
1367 2112 1434 2173 ge·

280 2195 313 2260 si
323 2199 389 2276 egt
405 2192 574 2259 habenden
590 2187 735 2278 Pferde',
757 2194 819 2261 hcc
834 2193 1056 2275 neglegentius
1078 2211 1174 2275 qnam
1190 2194 1298 2259 verius
1314 2193 1435 2259 dictum

280 2295 439 2373 arbitror.)
484 2293 578 2371 Quod
606 2296 720 2361 attinet
747 2295 789 2361 ad
818 2295 907 2360 illam
935 2295 1076 2377 priorem
1101 2295 1307 2376 sententiam,
1338 2315 1435 2378 quam

281 2397 351 2461 veri
379 2397 479 2460 multo
508 2396 696 2461 similiorem
718 2397 780 2463 sibi
802 2396 906 2462 videri
929 2397 999 2479 ipse
1020 2396 1082 2477 ait,
1112 2397 1210 2462 valde
1235 2397 1349 2479 miror,
1380 2399 1435 2480 qui

281 2497 332 2562 vir
354 2498 440 2562 omni
461 2497 573 2560 talium
596 2517 702 2562 rerum
725 2498 925 2580 experientia
947 2504 1075 2564 ornatus
1099 2503 1164 2562 tam
1186 2498 1271 2563 falsa
1291 2500 1435 2580 proferre

281 2599 430 2681 potuerit.
481 2597 594 2679 Neque
623 2599 709 2662 enim
737 2600 765 2664 si
793 2618 861 2664 rem
891 2606 997 2688 mente
1030 2599 1217 2681 diligentius
1247 2601 1435 2684 volutassct,

283 2720 356 2766 eum
385 2700 520 2782 fugisset
547 2699 727 2783 agonistas,
757 2720 829 2766 cum
859 2720 900 2766 ex
929 2701 1066 2766 sinistris
1095 2701 1212 2766 circum
1241 2707 1381 2768 rostrum
1403 2704 1435 2766 in

283 2802 415 2867 dextras
437 2801 591 2866 stationes
621 2821 720 2884 equos
742 2802 958 2884 derexissent,
988 2803 1133 2868 inversos
1162 2804 1195 2867 in
1224 2802 1275 2869 his
1298 2805 1435 2887 stetisse,

284 2910 319 2968 ut
347 2903 422 2985 equi
450 2921 514 2966 non
543 2903 577 2966 in
611 2905 817 2985 curriculum,
851 2923 962 2969 verum
992 2904 1025 2968 in
1058 2903 1213 2986 oppidum
1239 2908 1435 2988 spectarent!

284 3007 383 3071 Erant
405 3005 502 3088 igitur
529 3004 562 3068 in
584 3005 663 3087 ipsis
685 3006 876 3072 stationibus
904 3014 988 3072 retro
1011 3003 1176 3088 flectendi,
1206 3006 1293 3090 quod
1316 3009 1435 3090 aurigis

286 3114 371 3174 certe
401 3112 531 3188 propter
559 3109 656 3188 spatii
684 3109 850 3193 angustias
872 3130 936 3175 non
958 3108 1086 3174 licebat.
1131 3107 1167 3173 Si
1188 3115 1296 3175 autem
1319 3110 1435 3175 extrin-

285 3228 378 3276 secus
402 3227 443 3271 ex
465 3225 572 3288 arena,
595 3228 659 3274 non
675 3229 715 3274 ex
731 3210 851 3293 oppido
874 3211 906 3275 in
928 3211 1072 3279 sinistras
1087 3211 1241 3276 stationes
1264 3217 1296 3276 et
1318 3211 1436 3278 deinde

285 3331 342 3395 per
373 3307 525 3391 oppidum
555 3309 587 3373 in
616 3309 747 3377 dextras
781 3331 816 3378 se
844 3314 1066 3393 contulissent,
1099 3318 1186 3378 recte
1215 3311 1346 3395 quidem
1375 3320 1435 3380 stc-

286 3415 415 3491 tisscnt,
444 3407 502 3475 sed
525 3429 629 3475 nonne
659 3413 758 3478 satius
781 3420 850 3480 erat
879 3420 911 3480 et
932 3413 1061 3480 brevius
1087 3414 1214 3480 omissis
1236 3415 1374 3482 sinistris
1396 3436 1436 3482 ex

173 3563 176 3570 r
285 3516 357 3597 ipso
391 3509 511 3594 oppido
544 3511 577 3574 in
614 3509 746 3580 dextros
782 3533 925 3580 carceres
961 3512 1096 3579 invehi?
1145 3514 1328 3599 Frigidaria
1360 3538 1435 3584 vero

287 3617 420 3698 equina,
450 3611 537 3695 quod
563 3611 717 3694 sciamus,
747 3635 767 3680 a
796 3623 940 3682 veterum
969 3633 1028 3680 usu
1056 3614 1164 3681 aliena
1192 3624 1291 3683 crant.
1335 3619 1435 3686 Immo

288 3719 377 3800 equi,
407 3715 462 3779 ubi
484 3714 726 3797 laboraverant,
754 3715 797 3780 ad
820 3714 989 3781 volutabra
1017 3714 1214 3782 ducebantur
1235 3719 1330 3796 (Xen.
1347 3721 1435 3788 dere

289 3838 361 3901 equ.
378 3817 405 3882 V
421 3819 454 3881 3:
478 3811 602 3890 εἰδέναι
625 3812 661 3878 δὲ
681 3812 742 3901 χρὴ
765 3811 823 3880 τὸν
847 3813 1038 3896 ἱπποκόμον
1055 3817 1111 3880 καὶ
1133 3818 1193 3883 τὸν
1214 3817 1319 3906 κημὸν
1341 3845 1435 3903 περι-

293 3953 495 3962 ——--——-

376 4037 400 4099 1)
417 4047 444 4100 p.
459 4034 504 4085 33:
519 4025 615 4084 ‘Hattc
633 4031 676 4086 die
692 4031 767 4086 linke
785 4031 858 4086 Seite
875 4027 1205 4102 uberhauptoikemcta!
