3088 4774
279 281 320 340 66
674 281 708 331 Α.
734 279 785 333 DE
803 277 1039 335 CARCERIBUS.

279 453 385 540 spatio
408 451 463 518 SK
485 473 544 537 par
566 461 652 518 esset
679 451 712 516 h.
735 473 763 517 e.
785 471 857 516 cnm
879 471 918 518 eo
940 458 1110 534 venerant,
1139 451 1195 516 ubi
1217 459 1268 517 est
1288 451 1386 516 litera
1409 449 1439 528 Q

280 563 387 622 metae
408 554 551 620 interiori
572 559 722 635 aequata
765 553 860 619 Adde
882 572 1037 634 equomm
1057 553 1216 638 imprimis
1242 553 1437 619 certantium

280 657 559 738 consuetudinem,
588 675 653 737 qua
680 656 762 722 alios
788 673 888 736 equos
916 654 944 719 si
970 661 1046 720 ante
1066 673 1102 720 se
1125 659 1289 720 turrentes
1310 654 1437 733 vident,

280 779 482 842 summopere
511 758 662 839 consequi
689 755 833 840 student,
863 762 899 820 ut
926 756 1001 838 equi
1028 755 1201 822 novissime
1229 767 1439 822 excurrentes

280 863 401 929 maiore
423 859 529 926 studio
551 867 649 941 atque
670 860 792 943 impetu
814 878 941 923 cursum
960 857 1115 940 incipiant
1130 877 1226 938 quam
1241 857 1348 942 primi.
1386 857 1438 920 Ex

281 984 344 1046 quo
366 963 568 1047 perspicuum
591 968 641 1026 est
661 960 781 1026 lineam
801 959 952 1024 falcatam
974 959 1061 1024 KRL
1090 959 1199 1024 media
1227 965 1322 1043 parte
1345 959 1438 1042 paul-

280 1065 371 1130 latim
393 1064 587 1150 procedente
609 1081 647 1128 co
670 1062 848 1146 planiorem
868 1059 949 1142 fieri,
970 1080 1034 1142 quo
1056 1062 1186 1144 propius
1207 1061 1250 1126 ad
1273 1061 1317 1127 Μι
1346 1079 1438 1126 acce

280 1167 381 1250 deret,
405 1174 440 1232 ut
460 1165 504 1230 nd
524 1166 628 1248 ipsam
650 1170 768 1229 metam
784 1163 871 1228 linea
885 1163 991 1227 miuus
1005 1181 1105 1227 curva
1118 1160 1227 1240 llrQN
1242 1161 1437 1228 efficeretur.

280 1272 311 1334 A
333 1288 398 1350 qua
418 1267 521 1348 linea,
548 1287 620 1331 cum
642 1286 773 1349 compar
795 1272 881 1331 essct
901 1263 991 1329 arom
1012 1263 1103 1330 radio
1124 1265 1217 1332 lleblr
1244 1266 1368 1330 circum
1389 1264 1436 1332 Me

282 1370 458 1454 descripto,
484 1367 643 1433 universis
665 1366 860 1432 certantibus
881 1366 956 1432 viae
977 1363 1021 1430 ad
1042 1366 1089 1434 lle
1112 1365 1317 1451 peragendae
1340 1385 1438 1451 pares

281 1476 380 1538 erant.

368 1572 479 1636 Restat
501 1588 564 1634 una
585 1569 741 1650 quaestio,
764 1569 924 1650 quomodo
945 1567 1016 1634 lieri
1036 1569 1185 1652 potuerit,
1207 1575 1242 1634 ut
1263 1570 1356 1636 linea
1376 1571 1436 1636 fal-
1517 1604 1522 1647 ς

282 1679 356 1738 cata
376 1671 463 1736 KRL
490 1672 524 1736 in
553 1671 731 1736 breviorem
758 1690 867 1736 arcum
895 1670 1005 1750 M1QN
1033 1671 1283 1738 contraheretur.
1327 1672 1436 1737 Etiam
1523 1692 1524 1715 ³

282 1775 344 1840 hoc
364 1773 530 1856 ingeniose
545 1771 694 1838 Olecetas
715 1792 755 1838 eo
776 1772 927 1856 providit,
949 1770 1036 1854 quod
1057 1772 1142 1838 inter
1162 1772 1294 1840 dextros
1311 1782 1346 1839 et
1359 1774 1434 1840 sini-

282 1882 364 1942 stros
386 1895 530 1942 carceres
552 1874 712 1940 embolum
733 1873 930 1958 interposuit.
966 1875 1000 1939 Is
1021 1874 1108 1940 enim
1129 1881 1195 1940 tam
1213 1876 1342 1961 amplus
1358 1885 1435 1958 erat,

282 1982 317 2043 ut
344 1995 384 2042 eo
413 1976 544 2061 dempto
571 1976 659 2042 linea
685 1976 798 2040 lunata
824 1977 913 2041 arcui
939 1976 989 2040 illi
1013 1974 1124 2054 llrQN
1149 1977 1351 2060 longitudine
1378 1997 1434 2062 par

283 2085 377 2144 esset
427 2077 508 2144 Cum
538 2077 636 2160 igitur
666 2077 755 2159 prior
786 2077 960 2143 contractio
992 2077 1098 2142 lineae
1127 2079 1256 2144 lunatae
1288 2078 1335 2144 ita
1367 2077 1435 2144 fieri

283 2186 407 2264 posset,
439 2187 474 2244 ut
507 2180 537 2246 ei
569 2178 675 2263 spatia
707 2199 868 2245 carcemm
903 2179 1079 2263 parietibus
1115 2188 1272 2264 occupata
1304 2180 1434 2248 dessent

283 2282 328 2364 (p.
345 2279 416 2363 62),
445 2280 526 2347 haec
552 2282 654 2347 altera
682 2280 855 2346 contractio
878 2301 917 2346 eo
944 2279 1058 2362 fiebat,
1087 2279 1174 2361 quod
1201 2282 1340 2366 spatium
1370 2304 1433 2349 em·

283 2381 350 2448 boli
372 2382 404 2447 ei
424 2381 681 2447 subtrahebatur.
714 2381 887 2447 Praeterea
908 2383 1027 2448 emboli
1039 2382 1230 2466 interpositu
1250 2382 1285 2448 id
1307 2404 1434 2466 quoque

284 2481 499 2567 efficiebatur,
525 2490 561 2548 ut
590 2484 676 2548 linea
705 2483 824 2547 falcata
845 2503 909 2548 non
930 2482 1010 2549 dura
1030 2503 1090 2550 nec
1117 2483 1224 2567 rigida
1244 2492 1347 2569 esset,
1377 2486 1434 2553 sed

198 2665 201 2670 ¹
283 2603 341 2668 per
367 2583 506 2667 spatium
534 2582 592 2662 RQ
620 2584 837 2669 prementibus
859 2584 901 2648 ab
929 2589 1065 2666 utroque
1091 2605 1190 2650 cornu
1211 2587 1368 2668 agonistis
1388 2588 1433 2652 in-

284 2693 421 2750 trorsum
450 2687 593 2770 cederet,
622 2707 685 2769 quo
714 2685 818 2750 minus
846 2693 902 2752 aut
930 2687 1028 2751 medii
1057 2694 1141 2753 retro
1169 2694 1224 2751 aut
1249 2687 1371 2752 sinistri
1392 2688 1434 2752 ad

284 2788 413 2853 laevam
435 2787 687 2855 extruderentur.
709 2823 752 2832 —

370 2893 417 2954 Ac
438 2910 521 2956 nunc
542 2891 688 2973 quidem,
718 2889 869 2972 quoniam
891 2909 974 2971 quae
996 2889 1090 2956 suerit
1114 2889 1236 2955 inventi
1256 2890 1356 2973 ratio,
1381 2912 1432 2958 ex-

284 2993 386 3076 posui,
401 2991 623 3074 inquirendum
640 3000 697 3075 est,
720 3012 810 3056 num
824 2990 924 3056 haec
946 2991 1051 3057 ratio
1067 2991 1351 3075 experientiae
1373 3014 1432 3059 re·

285 3093 505 3178 sponderit.
540 3095 687 3175 Namque
708 3093 884 3176 permultas
905 3113 965 3175 res,
981 3112 1069 3176 quas
1090 3092 1213 3158 ratione
1235 3094 1356 3177 optimc
1379 3115 1432 3160 ex·

286 3195 492 3280 cogitaveris,
522 3195 550 3259 si
573 3195 763 3278 experieris,
792 3204 920 3279 practer
941 3215 1031 3279 spem
1058 3195 1185 3262 evenire
1207 3215 1301 3262 nemo
1323 3198 1433 3263 nescit.

286 3296 451 3363 Cleoetam
473 3295 604 3377 scilicet,
627 3317 697 3360 cum
713 3295 916 3362 condiciones
936 3299 1134 3381 certantium,
1156 3303 1190 3363 ut
1205 3296 1354 3382 diximus,
1376 3319 1431 3364 suo

285 3398 353 3463 iure
376 3417 414 3463 eo
436 3403 599 3479 aequaret,
622 3398 709 3481 quod
724 3397 794 3463 vias
808 3399 850 3463 ab
867 3398 1016 3463 interiore
1037 3396 1082 3460 ad
1103 3391 1293 3464 exteriorem
1316 3408 1431 3468 metam

185 3541 187 3548 ·
285 3498 516 3583 percurrendos
539 3517 650 3564 omnes
672 3499 754 3565 inter
776 3519 812 3566 se
833 3518 928 3583 pares
949 3498 1040 3580 lecit,
1069 3517 1133 3563 non
1155 3500 1278 3566 latebat
1301 3523 1336 3568 re
1358 3523 1432 3569 vera

287 3600 414 3666 omnino
441 3619 619 3684 perpaucos
647 3600 701 3666 via
729 3599 772 3665 ad
799 3601 882 3666 hanc
909 3605 1028 3664 metam
1058 3596 1189 3664 derecta
1209 3602 1357 3671 insistere
1378 3625 1430 3688 po

287 3703 402 3784 tuisse,
431 3702 526 3782 longe
552 3700 699 3785 plurimis
727 3722 825 3768 curva
852 3701 907 3766 via
934 3722 956 3766 a
983 3708 1069 3765 meta
1097 3700 1140 3765 ad
1168 3701 1314 3770 dextram
1336 3706 1430 3773 fuisse

288 3803 523 3886 declinandum,
545 3803 621 3884 quia
642 3823 734 3868 arcus
756 3801 864 3881 anll
885 3821 949 3867 non
970 3802 1052 3868 adeo
1078 3805 1222 3869 contrabi
1242 3813 1378 3892 poterat,
1399 3819 1430 3874 ut

286 3910 438 3990 punctum
465 3904 572 3988 fieret,
603 3913 635 3969 et
663 3923 743 3969 unus
772 3910 895 3968 tantum
924 3903 1045 3987 primus
1073 3923 1091 3969 e
1120 3905 1338 3992 multitudiue,
1371 3931 1428 3977 non

286 4007 397 4090 plures
419 4007 533 4072 eodem
555 4013 697 4091 tempore
712 4013 831 4071 metam
845 4005 1053 4088 attingebant.
1086 4005 1221 4071 Paribus
1242 4007 1340 4091 igitur
1361 4032 1426 4078 con·
