3088 4774
677 316 708 370 Β,
735 314 787 370 DE
804 313 1023 369 TARAXIPPO.

406 481 510 575 αὐτὰρ
534 485 568 555 ἐν
586 481 745 574 Ἀρκαδίῃ
769 481 828 573 [γε]
850 482 1047 573 τριηκοστὴν
1070 484 1299 571 προλέλοιπα·

404 588 529 667 λοιπὰς
552 581 583 655 d'
611 573 651 653 αὖ
675 586 826 665 λεύσσεις
849 580 969 672 ἀγέλας
990 585 1069 654 τόδε
1091 584 1328 675 abaciacum&

275 711 313 777 ln
335 717 401 777 ab
428 707 668 794 Ταραξίπποιο
692 704 764 792 ἱρὸν
786 708 868 774 nihil
896 708 985 774 aliud
1015 713 1064 774 est
1085 707 1148 773 nisi
1170 705 1350 789 Taraxippi
1370 704 1423 769 illa

274 833 345 879 ara:
376 831 460 896 quae
487 812 605 879 dicitur
631 813 743 896 procul
771 811 896 877 abesse.
940 809 1020 876 Oum
1048 809 1104 874 ubi
1131 809 1201 892 ipse
1222 809 1348 892 Augias
1369 805 1423 870 hos

275 934 386 981 versus
410 914 520 980 diceus
542 915 654 996 fuerit,
683 913 880 994 nesciamus,
909 932 973 977 nou
1001 913 1135 977 multum
1159 931 1200 977 ex
1222 910 1287 976 hac
1309 905 1424 992 signiti-
1500 913 1501 916 ’

276 1017 402 1083 catione
424 1017 593 1082 lucramur.
638 1015 709 1082 Hoc
730 1021 839 1080 temen
861 1013 953 1096 sequi
974 1013 1102 1079 videtur
1121 1013 1346 1096 Taraxippum
1367 1028 1425 1074 non

274 1137 375 1201 prope
391 1117 520 1183 Saturni
543 1117 660 1183 collem
681 1117 723 1191 (v.
740 1119 771 1189 4)
794 1116 890 1182 situm
904 1114 1013 1197 fuisse,
1036 1113 1124 1197 quod
1139 1115 1196 1180 vix
1218 1117 1252 1181 in
1268 1109 1425 1180 eiusmodi

274 1221 416 1286 carmine
438 1237 552 1303 urgere
575 1218 684 1300 velim,
706 1217 816 1301 aliquo
839 1223 947 1282 tamen
962 1215 1058 1282 modo
1076 1214 1183 1282 firmat
1204 1237 1257 1282 me
1280 1215 1425 1280 dubitan-

273 1331 357 1404 tem,
379 1341 456 1387 num
477 1320 606 1386 omniuo
629 1317 759 1385 Saturni
782 1318 875 1385 collis
897 1318 1059 1384 sinistrum
1083 1317 1289 1402 hippodromi
1313 1315 1425 1398 margi·

273 1444 347 1491 nem
369 1421 513 1505 attigerit
534 1422 576 1502 (p.
593 1422 656 1498 55).
690 1419 937 1502 Concupiscenti
959 1417 1100 1503 denique
1114 1421 1207 1505 scire,
1229 1441 1252 1486 a
1274 1425 1427 1503 quotnam

273 1525 371 1590 boum
393 1528 533 1589 stercore
555 1522 681 1604 Augiae
703 1521 865 1587 stabulum
886 1520 1016 1587 Herculi
1039 1521 1240 1604 purgandum
1263 1523 1372 1604 fuerit,
1395 1525 1427 1584 ut

273 1623 335 1690 hoo
372 1625 405 1688 in
441 1629 623 1702 transcursu
659 1623 889 1706 perstringam,
927 1624 1152 1705 aequationem
1189 1623 1426 1690 arithmeticam

357 2116 478 2200 Restat,
501 2120 536 2181 ut
557 2134 759 2198 quaeramus,
782 2114 914 2180 ubinam
935 2114 1077 2181 locorum
1095 2115 1275 2200 Taraxippi
1297 2117 1422 2184 luerint.

269 2216 366 2283 Certe
388 2237 453 2282 non
474 2217 508 2282 in
530 2217 678 2284 omnibus
700 2215 931 2299 hippodromis.
969 2215 1005 2281 Si
1028 2218 1114 2282 enim
1128 2219 1272 2302 luissent,
1295 2239 1364 2302 qua
1385 2216 1423 2282 dc

271 2339 370 2386 causa
392 2319 455 2384 Dio
478 2318 726 2402 chrysostomus
748 2319 781 2383 in
804 2318 949 2384 oratione
972 2338 1031 2384 sua
1053 2318 1095 2384 ad
1113 2320 1355 2388 Alexandrinos
1371 2318 1422 2384 ha·

272 2421 340 2486 bita
366 2420 530 2485 auditores
557 2438 622 2484 nou
650 2420 693 2486 ad
714 2419 986 2502 Alexandrinum,
1015 2439 1127 2486 verum
1151 2422 1195 2488 ad
1217 2421 1422 2508 Olympicum

271 2521 492 2603 Taraxippum
514 2519 668 2584 vocavit?
706 2517 742 2585 Si
765 2539 805 2584 ca
827 2540 924 2602 quam
946 2541 1044 2605 supra
1065 2523 1107 2589 de
1122 2524 1302 2609 Tarexippi
1327 2543 1422 2595 causa

270 2623 497 2705 proposuimus
519 2621 678 2686 sententia
700 2638 779 2685 vera
801 2628 865 2705 est,
894 2622 928 2686 iu
950 2623 998 2689 eis
1019 2630 1143 2690 tantum
1165 2626 1226 2691 luit
1248 2625 1421 2712 hippodro-

270 2724 347 2804 mis,
376 2723 431 2805 qui
454 2725 509 2787 aut
531 2720 751 2787 adorientem
773 2724 893 2790 autad
916 2724 1115 2792 occidentem
1145 2730 1339 2817 vergebant,
1367 2729 1421 2796 ubi

271 2824 393 2891 oriente
427 2823 495 2888 sole
527 2823 719 2888 certabatur.
770 2823 926 2891 Solebant
953 2834 1096 2911 veteres,
1129 2829 1217 2912 quod
1250 2833 1319 2900 eius
1353 2831 1420 2898 fieri

269 2929 406 3009 poterat,
429 2922 531 2991 circos
546 2924 589 2990 ad
604 2925 760 2991 orientem
775 2927 933 3010 derigere.
967 2927 1029 3005 Qui
1045 2931 1088 2997 ad
1110 2933 1309 3000 occidentem
1333 2953 1420 3018 spec·

270 3028 397 3110 tabant,
425 3027 459 3093 in
487 3027 534 3092 eis
556 3046 620 3092 non
643 3029 799 3110 exterior,
829 3029 887 3095 sed
915 3030 1047 3096 interior
1069 3038 1156 3099 meta
1177 3034 1264 3102 illius
1285 3035 1421 3119 periculi

269 3132 366 3212 plena
389 3134 466 3195 erat.
512 3127 576 3194 Ubi
605 3135 730 3212 autem,
759 3137 794 3195 ut
822 3131 856 3194 in
876 3131 1031 3200 Romanis
1054 3141 1086 3200 et
1114 3137 1292 3219 posteriore
1313 3146 1419 3208 aetate

269 3230 367 3295 etiam
389 3231 423 3294 in
445 3230 576 3311 ceteris,
606 3249 670 3295 non
691 3250 786 3296 mane
808 3233 929 3317 solum,
958 3235 1016 3301 scd
1037 3256 1096 3320 per
1120 3243 1221 3304 totum
1244 3239 1331 3307 diem
1353 3263 1418 3310 cer·

270 3333 406 3412 tabatur,
429 3329 475 3395 ibi
496 3329 578 3395 nihil
601 3336 670 3396 erat
685 3351 812 3415 causae,
836 3335 923 3418 quod
939 3338 1144 3424 Taraxippus
1166 3344 1418 3411 constitueretur.

270 3433 320 3498 De
349 3432 424 3498 aliis
451 3429 533 3496 nihil
560 3434 734 3499 memoriae
763 3435 924 3517 proditum
947 3447 996 3507 est
1016 3442 1079 3508 nisi
1101 3443 1143 3509 de
1165 3451 1315 3528 quattuor
1336 3447 1417 3513 cele·

267 3534 480 3601 barrimorum
499 3551 558 3616 per
579 3540 680 3599 totam
703 3533 873 3602 Graeciam
895 3539 1193 3627 hippodromorum,
1216 3545 1418 3632 Olympiaco,

268 3637 452 3717 Isthmiaco,
475 3634 650 3717 Nemeaeo,
665 3635 812 3720 Pythice.
820 3641 841 3715 ¹)
875 3639 1055 3724 Olympiae,
1078 3645 1133 3710 ubi
1150 3649 1280 3729 plurimi
1294 3651 1328 3714 in
1349 3670 1417 3716 are·

269 3759 342 3803 nam
365 3735 571 3804 descendisse
592 3727 729 3821 putandi
750 3747 833 3823 sunt,
855 3741 1088 3811 famosissimus
1115 3755 1184 3814 erat
1206 3753 1236 3826 (d
1254 3755 1310 3816 19:
1333 3742 1417 3815 ἀλλὰ

356 3891 380 3947 lt
398 3885 492 3939 Ervini
510 3886 609 3941 ltohdii
625 3888 730 3958 Psyche
747 3889 768 3942 I.
786 3905 813 3958 p.
829 3893 877 3942 162
895 3890 957 3943 adn.
977 3895 1004 3946 1:
1020 3886 1180 3962 ‘Uebrigens
1198 3898 1291 3953 schien
1308 3901 1353 3954 ein
1370 3921 1417 3957 τα-

269 3969 411 4043 ρᾰξιππος
427 3968 483 4024 last
499 3970 671 4042 nothuendig
687 3989 722 4028 uu
745 3975 796 4030 den
814 3974 1016 4043 Hippodromen
1040 3976 1088 4033 der
1104 3993 1216 4047 grossen
1233 3983 1416 4054 Wettlrampl·

267 4060 369 4111 stbtten
385 4069 419 4108 au
437 4047 572 4121 gehdrenff
