3096 4766
486 314 488 318 ⁴
515 301 551 356 11.
579 301 630 354 DE
648 301 771 357 LAEVO
790 301 899 358 GYRO.
1241 304 1280 362 51

101 493 262 556 quonam
296 473 360 540 hoo
387 475 561 540 referemus
590 475 653 540 nisi
680 473 724 539 ad
754 473 891 541 eandem
925 475 1002 540 artis
1030 475 1153 558 Iegem,
1188 495 1284 558 quam

102 596 215 659 supra
243 577 284 640 in
317 577 408 658 equis
436 577 530 658 pictis
558 575 848 658 percognovimus?
892 575 986 653 Quod
1008 581 1115 640 autem
1137 577 1170 641 in
1192 576 1284 658 equis

103 679 193 745 ferri
217 685 351 760 potest,
382 679 459 760 quia
480 675 515 742 hi
535 678 618 743 falso
640 678 741 744 latere
764 676 1046 761 quadrupedantes
1068 684 1175 743 tamen
1197 685 1287 744 recto

105 779 237 846 ordine
264 779 413 845 membra
434 780 621 862 glomerant,
644 776 679 842 id
702 778 735 843 in
757 778 940 847 hominibus
957 799 995 846 eo
1012 781 1117 862 magis
1140 778 1283 860 offendit,

107 882 198 964 quia
223 880 263 946 hi
289 880 430 946 membra
451 881 548 962 plane
570 898 723 961 perverse
745 887 875 948 movent
898 887 929 946 et
951 881 1028 963 quia
1043 878 1164 946 homini
1183 879 1284 946 homi-

107 983 168 1047 nis
201 983 283 1048 Ioco
313 1002 382 1048 sese
410 984 516 1047 animo
543 999 663 1063 ponere
693 982 792 1048 multo
820 983 995 1064 prooIivius
1025 987 1073 1046 est
1096 1001 1191 1064 quam
1213 983 1286 1048 1000

111 1081 360 1166 quadrupedis.

211 1182 309 1261 Quae
331 1205 381 1250 res
405 1185 553 1267 quamvis
575 1182 735 1249 leviculae
755 1187 881 1267 possint
904 1186 1007 1268 primo
1037 1184 1148 1250 obtutu
1170 1183 1285 1266 videri,

114 1285 184 1352 hoc
209 1293 318 1370 uerte,
348 1285 434 1368 quod
456 1285 587 1368 gravius
610 1291 675 1365 est,
704 1303 745 1349 ex
768 1287 815 1353 eis
838 1287 986 1372 efficitur,
1016 1287 1105 1352 utin
1128 1285 1162 1351 id
1184 1305 1285 1370 genus

114 1388 310 1453 simulacris
333 1407 385 1454 ars
408 1394 555 1452 naturam
578 1388 702 1453 vicerit.

112 1571 195 1627 Mus.
212 1572 298 1640 Greg.
311 1572 364 1626 vol.
377 1570 414 1624 Π.
432 1571 487 1625 tab.
501 1568 627 1624 LXVIII.
640 1569 739 1623 LXIX.
757 1569 844 1624 LXX.
863 1569 948 1636 XXX,
967 1569 1017 1624 ib.
1035 1569 1148 1635 XXXV,
1168 1575 1220 1632 la,
1239 1570 1287 1624 ubi

113 1671 151 1711 ex
170 1663 260 1726 parte
277 1662 352 1710 recte
371 1661 493 1709 currunt.
