3088 4774
527 336 560 392 Δ.
587 335 638 390 DE
656 335 892 393 GARCERIBUS.
1247 343 1289 401 67

134 507 314 575 dicionibus
336 507 392 574 alii
414 508 479 575 alio
501 508 597 575 modo
618 529 676 593 pro
700 529 738 574 eo
767 530 861 593 quem
884 508 1051 575 obtinebat
1072 511 1143 577 loco
1166 519 1289 579 certan-

134 610 211 676 dum
235 616 312 678 crat.
357 608 513 688 Quocirca
534 631 597 676 non
618 631 676 677 suo
699 611 833 694 quisquc
855 612 1012 677 arbitratu
1033 612 1205 680 stationem
1226 615 1289 682 sibi

135 712 288 795 eligebat,
310 711 369 778 sed
385 711 586 794 sortiebatur,
608 732 649 778 ne
665 713 736 794 quis
751 733 822 779 eam
845 712 908 778 sibi
929 718 1102 796 arrogaret,
1124 714 1209 781 unde
1231 736 1285 782 ex-

134 813 290 880 currendo
312 833 348 879 se
371 820 402 879 et
425 832 525 896 equos
547 815 752 899 exercuisset,
774 834 855 880 neve
870 815 978 899 plures
992 834 1088 880 unam
1105 821 1137 880 et
1152 816 1288 908 eandem

133 916 196 982 sibi
232 915 441 983 vindicarent
491 915 664 982 Sortitione
698 914 907 1000 factumest,
936 920 971 981 ut
998 916 1213 998 unusquisque
1246 917 1290 984 ad

135 1038 246 1084 omnes
274 1017 429 1084 stationes
460 1024 492 1082 et
521 1015 665 1084 certandi
693 1016 806 1083 modos
828 1037 900 1083 cum
923 1017 969 1083 eis
991 1017 1175 1083 coniunctos
1196 1039 1289 1103 prae·

133 1125 266 1203 paratus
288 1119 320 1184 in
343 1127 504 1186 certamen
526 1117 743 1185 descenderet.
779 1118 843 1198 Qui
864 1118 952 1184 modi
974 1120 1086 1199 quales
1107 1120 1232 1204 tuerint,
1254 1125 1290 1186 ut

134 1239 373 1303 cognoscamus,
397 1242 437 1285 ex
453 1240 487 1287 re
502 1221 563 1285 erit
577 1220 718 1304 singulos
733 1221 897 1304 agonistas
912 1221 955 1286 ab
970 1220 1089 1304 oppido
1104 1220 1147 1286 ad
1170 1229 1287 1288 meum

134 1322 228 1404 sequi
249 1322 486 1405 stationumque
502 1323 697 1406 singularum
713 1328 746 1387 et
767 1321 936 1388 commoda
957 1329 990 1387 et
1011 1322 1214 1389 incommoda
1235 1345 1287 1390 ac·

134 1429 243 1490 curate
264 1423 413 1508 pendere.
452 1425 530 1492 Oum
545 1445 622 1491 vero
637 1425 776 1490 omnium
797 1423 963 1489 modorum
977 1425 1166 1490 varietatem
1181 1428 1286 1509 perlu-

134 1529 236 1590 strare
251 1525 381 1608 longum
397 1533 446 1593 est
460 1531 493 1590 et
507 1545 789 1608 supervacaneum,
812 1545 854 1591 ex
871 1524 1072 1592 multitudine
1089 1528 1285 1596 certantium

135 1645 191 1693 eos
201 1626 306 1693 solnm
322 1628 406 1710 eligo
418 1626 675 1710 considerandos,
690 1629 723 1693 in
735 1628 851 1711 quibus
861 1627 1030 1693 commoda
1041 1634 1074 1693 et
1083 1628 1285 1696 incommoda

133 1729 383 1797 luculentissime
397 1736 574 1814 appareant
589 1735 621 1796 et
637 1731 692 1812 qui
704 1729 805 1795 instar
818 1729 882 1794 sint
896 1728 1105 1812 complurium
1126 1751 1228 1816 prope
1250 1753 1285 1799 se

135 1830 249 1899 eodem
271 1832 338 1898 fere
360 1831 454 1897 modo
477 1832 678 1898 certantium:
701 1852 788 1912 eum,
811 1830 865 1913 qui
887 1830 1048 1896 sinistrum
1071 1851 1178 1915 cornu,
1201 1853 1284 1919 eum,

136 1935 190 2017 qni
218 1933 366 1999 dexuum
395 1953 508 2013 cornu,
536 1939 683 2014 etcum,
711 1933 767 2013 qui
788 1932 927 1998 mediam
950 1931 1052 1998 aciem
1075 1932 1205 2000 obtinet.
1250 1935 1286 2002 Si

134 2035 232 2120 igitur
252 2054 360 2100 areum
383 2035 572 2100 certantium
592 2034 626 2100 in
649 2040 714 2100 tres
727 2040 836 2118 partes
850 2033 934 2099 inter
954 2052 989 2099 se
1011 2052 1106 2118 pares
1128 2035 1288 2120 diviseris,

135 2157 227 2203 suam
255 2137 370 2218 cuique
398 2136 525 2203 illorum
554 2142 678 2219 partem
705 2135 928 2217 adnumerato,
959 2153 1042 2216 quae
1075 2135 1188 2202 eodem
1220 2138 1287 2204 fere

135 2248 233 2322 atque
254 2240 309 2305 ille
324 2236 469 2304 certandi
483 2236 579 2303 modo
595 2245 713 2303 utatur:
737 2236 864 2303 sinistro
879 2237 1050 2320 sinistram,
1073 2237 1187 2303 dextro
1210 2239 1286 2305 dex-

135 2347 234 2425 tram,
263 2341 402 2406 mediam
432 2340 547 2406 medio.
591 2339 672 2405 Tres
701 2338 895 2418 singulorum
924 2338 1141 2423 agonistarum
1168 2347 1288 2421 queunt

136 2443 270 2524 cogitari
285 2441 502 2509 condiciones:
525 2447 581 2507 aut
595 2441 666 2526 pari
680 2432 856 2508 ceterorum
875 2441 1038 2507 celeritate
1060 2443 1210 2507 currebat
1231 2451 1288 2508 aut

135 2545 276 2627 reliquos
304 2544 479 2627 superabat
506 2549 561 2609 aut
582 2564 604 2608 a
625 2543 740 2610 ceteris
765 2541 1015 2624 relinquebatur.
1059 2543 1201 2623 Quarum
1224 2544 1286 2611 bae

136 2646 219 2710 dnae
243 2645 480 2711 considerentur
501 2665 564 2711 non
587 2652 729 2730 oportet,
758 2663 999 2727 quamquam
1021 2665 1180 2728 semper
1201 2647 1288 2712 t'ere

135 2747 389 2827 acciderunt,
419 2747 510 2828 quia,
540 2747 567 2812 si
595 2748 667 2831 quis
696 2753 819 2814 ceteros
845 2746 1131 2831 praeoccupaverit
1159 2755 1216 2813 aut
1244 2748 1285 2813 ab

136 2849 183 2915 eis
204 2848 335 2915 relictus
350 2849 419 2930 erit,
442 2867 515 2913 eum
530 2849 678 2915 liberiore
692 2849 757 2915 iam
773 2849 847 2913 viae
868 2849 931 2913 sibi
945 2847 1114 2928 eligendae
1129 2854 1287 2932 potestate

135 2950 248 3016 oblata
273 2969 370 3031 quam
399 2950 587 3015 brevissima
615 2959 734 3016 metam
765 2949 920 3034 petivisse
953 2958 1199 3016 consentaneum
1229 2958 1287 3016 est.

134 3055 184 3118 Ac
204 3073 246 3117 ne
269 3050 418 3118 Oleoetas
433 3051 563 3136 quidem
586 3053 713 3118 omnino
736 3072 845 3118 earum
861 3052 972 3118 debuit
990 3051 1145 3116 rationem
1169 3051 1288 3117 habere

135 3155 265 3237 idcirco,
288 3153 384 3235 quod,
406 3153 435 3218 si
458 3153 513 3233 qui
527 3154 674 3233 aequatis
689 3154 751 3220 viis
764 3173 785 3219 a
800 3153 915 3219 ceteris
929 3151 1199 3235 relinquebantur,
1222 3173 1286 3218 non

135 3255 222 3322 illius
245 3256 342 3340 culpa
364 3261 441 3337 erat,
464 3253 523 3320 sed
545 3254 598 3319 vel
621 3273 774 3336 equorum
793 3256 968 3322 tardiorum
983 3256 1036 3320 vel
1057 3253 1286 3337 imperitiorum

136 3357 353 3442 agonistarum
382 3358 434 3422 vel
456 3356 652 3423 de'consilio
680 3375 780 3439 equos
806 3357 1025 3438 retinentium,
1055 3361 1090 3422 nt
1118 3357 1286 3421 tumultum

136 3478 175 3524 ac
196 3478 367 3525 concursus
393 3460 540 3542 fugerent
560 3457 673 3542 (Sopb.
689 3459 738 3524 El.
754 3461 840 3540 734).
885 3459 1035 3541 Accedit,
1065 3456 1150 3539 quod
1175 3459 1287 3539 aequis

136 3559 376 3627 condicionibus
399 3560 522 3625 tamdiu
543 3558 639 3625 modo
661 3561 831 3644 providere
859 3560 1015 3642 debebat,
1045 3558 1198 3641 quamdiu
1220 3579 1285 3625 om·

135 3663 210 3729 nino
234 3668 359 3746 poterat
381 3662 410 3726 b.
428 3681 454 3727 e.
477 3660 629 3744 quamdiu
652 3663 737 3728 acies
760 3662 948 3728 certantium
970 3662 1110 3727 nondum
1133 3660 1288 3727 dissoluta

137 3771 215 3829 erat.
259 3764 363 3829 Aliter
390 3783 442 3830 res
470 3783 505 3829 se
534 3763 647 3847 babet,
675 3764 705 3829 si
732 3763 873 3830 universi
895 3764 965 3848 pari
992 3763 1163 3828 velocitate
1190 3764 1285 3831 vehe-

137 3867 253 3930 bantur
272 3870 459 3948 propterea,
488 3865 574 3950 quod
602 3871 677 3930 tunc
698 3865 848 3930 libertate
875 3864 934 3929 illa
955 3864 1095 3930 coercita
1115 3866 1287 3948 plerosque

137 3973 298 4034 certantes
320 3985 359 4032 ea
381 3967 528 4032 sclavia
550 3986 674 4032 currere
697 3985 826 4032 necesse
841 3974 918 4051 erat,
942 3985 1024 4048 quae
1039 3966 1154 4047 cuique
1169 3988 1189 4033 a
1204 3975 1286 4034 cete·

136 4069 181 4134 ris
209 4090 272 4135 non
302 4074 457 4151 occupata
485 4068 625 4151 patebat.
669 4069 759 4133 'lunc
787 4068 909 4150 siquis
934 4069 1170 4136 incommodum
1192 4070 1286 4154 oepit,

1048 4171 1083 4222 5*
