3088 4774
706 1097 742 1162 B.

547 1244 609 1328 DE
638 1247 912 1332 TARAXIPPO.

236 1451 282 1518 Ut
303 1450 345 1518 de
367 1452 565 1534 carceribus,
594 1452 641 1518 sic
664 1451 705 1519 de
728 1453 908 1536 Taraxippi
936 1459 970 1519 et
995 1456 1067 1522 loco
1090 1462 1123 1522 et
1144 1478 1242 1525 causa
1265 1479 1307 1526 ex

148 1560 264 1620 natura
291 1554 393 1636 petita
420 1553 663 1620 diversissimae
690 1555 836 1637 prolatae
866 1561 939 1622 sunt
961 1559 1148 1625 sententiae.
1194 1558 1305 1642 Olym-

148 1657 224 1739 piae
240 1675 314 1721 eum
328 1655 428 1722 fuisse
442 1675 532 1720 aram
547 1655 717 1721 rotundam
739 1657 772 1721 in
787 1675 907 1740 aggere
929 1657 1067 1739 positam
1083 1660 1136 1738 (T)
1152 1680 1170 1726 e
1186 1661 1304 1730 Pausa·

148 1759 223 1824 niae
245 1757 354 1822 verbis
375 1755 749 1840 sequitur(V120,15J:
778 1758 1028 1841 „acpoxoptrov
1052 1757 1089 1823 δὲ
1116 1763 1177 1825 τοῦ
1201 1761 1305 1828 ἱππο-

150 1849 275 1942 δρόμου
299 1854 514 1941 παρήκουσαν
537 1852 571 1933 ἒς
593 1858 697 1923 πλέον
719 1855 779 1944 τὴν
802 1855 917 1943 ἑτέραν
938 1858 1005 1923 τῶν
1028 1859 1191 1944 πλευρῶν,
1215 1861 1306 1929 ἔστιν

148 1956 205 2024 ἐπὶ
227 1959 287 2046 τῆς
307 1955 459 2040 μείζονος
480 1959 638 2045 πλευρᾶς,
662 1953 763 2046 οὔσης
781 1957 947 2042 χώματος,
969 1956 1054 2025 κατὰ
1074 1957 1133 2049 τὴν
1156 1962 1305 2041 διέξοδον

147 2058 207 2148 τὴν
236 2056 293 2125 διὰ
315 2061 376 2125 τοῦ
400 2058 557 2142 χώματος
583 2057 622 2126 τὸ
653 2063 720 2126 τῶν
741 2060 861 2126 ἵππων
889 2059 989 2143 δεῖμα
1017 2056 1035 2126 ὃ
1069 2061 1304 2147 Ταράξιππος.

149 2164 258 2248 σχῆμα
286 2159 346 2244 μὲν
373 2163 490 2245 βωμοῦ
518 2164 723 2249 περιφεροῦς
756 2161 843 2242 ἐστι,
878 2165 1120 2247 παραθέοντας
1153 2163 1190 2229 δὲ
1219 2163 1305 2232 κατὰ

147 2267 246 2330 τοῦτο
267 2259 346 2338 τοὺς
367 2261 498 2340 ἵππους
520 2261 628 2350 φόβος
648 2287 687 2329 τε
710 2256 827 2330 αὐτίκα
853 2261 986 2349 ἰσχυρὸς
1009 2257 1078 2329 ἀπ’
1104 2257 1305 2349 οὐδεμιᾶς

149 2363 403 2452 προφάσεως
433 2366 616 2452 φανερᾶς
643 2368 700 2432 καὶ
729 2358 799 2431 άπὸ
829 2368 889 2432 τοῦ
919 2363 1027 2452 φόβου
1057 2365 1220 2450 λαμβάνει
1241 2392 1302 2433 τα-

147 2459 247 2553 ραχή·
269 2464 312 2531 τά
333 2490 371 2532 τε
393 2464 432 2553 δὴ
457 2463 589 2552 άρματα
611 2467 849 2553 καταγνύουσιν
872 2463 918 2545 ὥς
934 2465 1073 2548 ἐπίπαν,
1095 2469 1152 2534 καὶ
1174 2467 1208 2535 οἱ
1230 2465 1302 2557 ἠνέ-

148 2594 219 2652 οχυι
241 2567 513 2654 τιτρώσκονται“.
550 2571 601 2638 De
618 2574 708 2640 cuius
729 2592 806 2639 arae
828 2592 907 2640 vera
928 2572 1053 2656 origine
1073 2591 1114 2638 ao
1135 2571 1198 2640 fine
1220 2574 1304 2641 infra

146 2673 249 2739 fusius
270 2677 394 2756 agetur.
425 2673 521 2738 quta
542 2693 631 2740 aram
654 2676 805 2740 transitus
827 2693 886 2757 per
907 2692 1060 2756 aggerem
1082 2676 1224 2758 patebat,
1247 2678 1302 2759 qui

148 2774 227 2840 mihi
250 2776 283 2841 in
305 2774 578 2857 periculosissimo
600 2777 671 2842 loco
693 2777 879 2859 aptissimus
902 2776 1001 2841 fuisse
1016 2775 1144 2842 videtur
1166 2775 1209 2841 ad
1232 2777 1302 2843 vul·

146 2882 275 2943 ueratos
298 2881 331 2941 et
351 2877 482 2959 aurigas
506 2881 538 2942 et
559 2896 659 2959 equos
689 2894 903 2959 annuumque
930 2875 1048 2942 rudera
1070 2896 1112 2942 ex
1134 2896 1232 2944 arena
1253 2897 1303 2944 re·

146 2975 317 3044 movenda.
325 2980 346 3052 ¹)
381 2974 541 3055 Quoniam
556 2979 696 3062 simplici
718 2979 777 3044 illa
790 2998 849 3044 ara
871 2995 971 3060 equos
989 2983 1207 3044 consternatos
1231 2997 1302 3046 esse

147 3080 234 3146 credi
256 3099 321 3146 non
342 3085 463 3163 potest,
492 3080 560 3145 alia
587 3099 685 3147 causa
706 3099 750 3147 ex
769 3086 885 3146 natura
912 3078 1014 3160 petita
1036 3077 1221 3158 quaerenda
1243 3085 1301 3162 est,

146 3201 229 3265 quae
251 3180 362 3248 Curtio
384 3180 593 3248 Waohsmuth
615 3180 698 3248 haec
719 3181 848 3248 videtur
868 3179 977 3245 fuisse.
1023 3177 1104 3244 Oum
1126 3177 1300 3262 hippodro

146 3303 215 3350 mus
245 3283 288 3349 ad
318 3283 473 3350 orientem
500 3283 568 3349 fere
590 3289 754 3367 vergeret,
785 3281 859 3364 equi
886 3279 1079 3346 exteriorem
1100 3287 1218 3346 metam
1241 3283 1300 3347 cir·

147 3385 321 3470 cumgressi
350 3385 456 3451 subito
484 3404 559 3452 suas
589 3385 731 3468 ipsorum
764 3389 1006 3465 oeterorumque
1038 3382 1183 3466 umbras,
1218 3402 1301 3465 quae

145 3507 246 3572 usque
275 3506 314 3554 eo
343 3507 427 3572 pone
456 3507 512 3554 eos
540 3487 681 3570 fuerant,
709 3492 785 3552 ante
817 3504 853 3551 se
886 3483 1151 3566 conspicabantur
1181 3503 1301 3566 easque

147 3591 368 3675 longissimas,
397 3591 476 3673 quia
504 3590 627 3656 oriente
658 3588 727 3655 sole
755 3591 920 3670 equestres
949 3585 1018 3650 ludi
1045 3583 1174 3651 fiebant.
1226 3586 1300 3651 Tali

145 3694 312 3777 repentino
335 3699 368 3758 et
387 3693 511 3758 insueto
526 3697 659 3773 aspectu
681 3690 782 3773 equis,
805 3694 841 3754 ut
862 3693 953 3754 erant
973 3690 1092 3752 metam
1112 3687 1300 3753 ambeuntee

233 3865 257 3926 1)
275 3859 320 3912 Ad
337 3857 452 3913 eundem
470 3873 549 3912 usum
567 3854 859 3924 constantinopolitani
877 3867 983 3922 quoque
1005 3851 1070 3907 circi
1088 3858 1195 3919 portam
1213 3867 1299 3921 quan-

147 3945 216 4010 dam,
235 3943 280 4000 cui
298 3941 398 4016 Νεκρὰ
415 3957 515 3998 nomen
532 3948 600 4008 crat,
617 3942 646 3997 in
664 3939 789 3996 orientali
805 3940 890 3993 latere
907 3938 987 3992 sitam
1004 3935 1166 4006 pertinuisse
1185 3936 1300 3990 coniecit

146 4029 269 4098 Ungerus
282 4023 408 4096 ‘Quellcn
426 4027 475 4082 der
492 4027 552 4096 byz.
572 4016 763 4094 Kunstgesoh?
779 4024 832 4079 rol.
844 4023 866 4077 1.
885 4039 912 4092 p.
926 4024 984 4074 313.
