3096 4766
472 309 505 361 Δ.
526 303 576 362 DE
594 305 833 362 HIPPODROMO
852 307 1051 364 Honnnlcc.
1291 308 1330 366 13

179 481 251 561 Qua
273 479 315 547 de
337 499 435 547 causa
455 481 629 564 Menelaus,
652 500 693 546 ne
715 479 835 546 autad
857 480 1004 548 dextram
1026 480 1059 546 in
1082 501 1252 549 cavernam
1275 480 1328 549 de·

179 585 299 651 feratur
314 589 369 649 aut
384 582 427 649 ad
441 583 568 650 laevam
584 603 656 649 cum
670 583 849 650 adversarii
865 603 956 649 curru
972 583 1105 650 collidat
1118 582 1161 668 (v.
1180 585 1330 669 433-8),

180 686 215 751 id
237 685 339 771 quod,
362 705 431 751 cum
454 686 667 770 periculosum
690 684 745 769 sit,
768 686 863 750 anxie
885 685 986 752 evitat
1007 684 1050 768 (v.
1074 689 1152 748 422:
1183 680 1330 770 ἁματρο-

178 792 265 868 χὶας
288 779 453 853 ἀλεείνων.
493 785 547 854 Sic
568 785 754 854 Grashofius
776 787 841 853 Res
862 786 964 853 vehic.
987 808 1018 872 p.
1035 790 1089 853 35:
1108 782 1329 875 ‘concursus'),

181 909 306 956 cursum
327 889 491 956 retardare
513 888 644 973 cogitur.
667 924 708 934 —

265 993 375 1059 Solum
390 991 602 1077 hippodromi,
619 997 653 1056 ut
668 989 808 1056 omnium
822 990 1022 1072 antiquitatis
1037 993 1201 1077 circorum,
1217 1014 1327 1062 areno-

181 1115 252 1164 sum
269 1099 318 1162 est
333 1099 374 1176 (v.
392 1097 462 1160 365.
481 1097 542 1159 372
557 1119 600 1144 =
616 1094 687 1158 449.
703 1095 775 1157 437.
792 1095 863 1157 502.
880 1091 966 1175 503).
999 1093 1084 1160 Raro
1100 1104 1248 1177 equestre
1265 1118 1329 1165 oer-

181 1202 287 1265 tamen
302 1196 505 1278 describitur,
523 1195 579 1261 ubi
600 1194 741 1278 pulveris
762 1194 815 1261 vel
837 1213 954 1260 arenae
976 1195 1064 1261 humi
1086 1197 1245 1267 excitatae
1266 1221 1331 1267 non

180 1298 237 1364 fiat
260 1299 389 1381 mentio,
413 1298 500 1365 velut
522 1296 620 1383 Soph.
643 1295 693 1361 lll.
716 1299 788 1360 114.
822 1296 915 1382 Verg.
938 1298 1054 1382 Georg.
1077 1299 1125 1365 111
1149 1305 1218 1365 110.
1252 1301 1330 1368 Hor.

180 1421 275 1468 carm.
300 1401 315 1465 l
340 1407 366 1483 1,
391 1405 420 1466 3.
460 1400 518 1466 Ov.
542 1419 604 1464 am.
627 1398 675 1463 lll
698 1401 728 1481 2,
751 1403 802 1463 41.
843 1398 900 1465 Sil.
923 1401 961 1466 It.
983 1401 1062 1466 Pun.
1084 1401 1162 1467 XVI
1184 1405 1246 1466 325
1258 1422 1330 1485 sqq.

179 1502 259 1570 Stat
275 1502 377 1568 Theb.
394 1502 438 1568 VI
453 1508 525 1567 411.
542 1503 613 1566 479.
631 1503 702 1567 492.
719 1505 789 1567 526.
817 1498 925 1580 Quint.
942 1501 1067 1586 Smyrn.
1083 1507 1115 1567 A
1131 1506 1203 1569 518.
1226 1506 1330 1572 Nonn.

179 1606 273 1671 Dion.
288 1605 446 1672 XXXVII
461 1607 532 1669 284.
562 1601 701 1681 Quocira
716 1603 812 1669 etiam
828 1622 908 1670 voce
922 1623 1040 1670 arenae
1055 1625 1112 1689 pro
1127 1605 1331 1698 hippodromi

178 1715 316 1774 utuntur.
359 1707 547 1773 Nostrorum
570 1705 851 1789 hippodromorum
874 1706 977 1772 solum
1000 1701 1085 1788 (das
1101 1701 1246 1792 Geladl')
1270 1710 1331 1776 hoo

180 1831 305 1895 quoque
327 1809 485 1894 prementi
506 1809 644 1889 ungulae
671 1806 798 1889 cedens,
821 1805 879 1872 sed
893 1808 1109 1889 graminosum
1124 1809 1214 1894 est1).
1251 1813 1330 1879 Are-

179 1932 276 1977 nosus
299 1911 386 1977 solus
407 1909 538 1974 interior
559 1908 694 1973 circulus
716 1927 779 1974 non
801 1927 937 1990 magnac
959 1909 1137 1976 latitudinis
1159 1907 1245 1993 (‘die
1267 1914 1331 1980 Ga-

180 2003 423 2098 loppierbahn’)
446 2017 509 2094 est,
540 2009 593 2074 ubi
616 2030 679 2076 non
701 2007 853 2074 certando
875 2009 1066 2093 decurritur,
1089 2011 1146 2078 sed
1169 2015 1242 2095 equi
1265 2036 1331 2083 cer-

180 2115 277 2181 taturi
299 2112 453 2199 proximis
475 2111 588 2177 diebus
611 2117 687 2176 ante
708 2111 811 2193 ipsam
834 2111 1040 2178 certationem
1063 2122 1259 2182 exercentur.

267 2215 405 2282 Nomina
426 2215 572 2281 curriculi
599 2212 687 2298 apud
709 2213 882 2280 Homerum
903 2212 1079 2298 reperimus
1101 2216 1163 2280 tria
1185 2216 1330 2286 diversa:

181 2315 395 2402 ἱππόδρομος
418 2316 462 2399 (v.
479 2315 565 2398 330),
589 2313 712 2400 δρόμος
733 2312 777 2398 (v.
795 2315 880 2401 321),
903 2335 966 2398 quo
987 2316 1085 2382 verbo
1101 2317 1198 2384 etiam
1220 2340 1330 2388 cursus

180 2440 333 2503 equorum
363 2418 558 2500 significatur
579 2416 624 2500 (v.
649 2419 720 2482 373.
744 2421 815 2483 375.
841 2417 932 2502 526),
955 2412 1049 2498 ὁδός,
1073 2440 1157 2502 quae
1179 2441 1243 2488 vox
1266 2444 1331 2492 cre-

180 2523 315 2589 berrime
338 2521 466 2587 obviam
487 2520 523 2588 fit
545 2519 588 2603 (v.
605 2522 676 2585 330.
693 2523 765 2586 393.
782 2523 852 2584 419.
868 2524 940 2586 421.
964 2525 1036 2586 424.
1061 2521 1147 2603 427).
1185 2523 1255 2592 Hoc
1276 2548 1332 2594 vo.

179 2625 312 2708 cabulo,
340 2624 390 2689 cui
412 2623 561 2690 Latinum
580 2613 660 2687 ‘via'
686 2641 816 2706 prorsus
844 2622 1016 2707 respondet
1044 2623 1137 2703 (Stat.
1161 2627 1264 2694 Theb.
1287 2629 1332 2696 Vl

179 2731 257 2792 494:
288 2744 358 2791 cum
380 2726 445 2790 iam
468 2727 500 2790 in
522 2724 586 2791 fine
608 2724 701 2789 viae
724 2721 858 2808 (plur.)),
880 2726 968 2791 nullo
984 2726 1080 2792 modo
1102 2726 1154 2792 hic
1175 2711 1230 2794 uia
1252 2731 1331 2814 pub-

178 2829 242 2895 lica
271 2825 442 2911 significari
463 2832 579 2911 potest.
624 2825 694 2890 Hae
717 2825 801 2891 onim
823 2824 990 2892 ἱππασίαι
1012 2821 1088 2894 ὁδοί
1110 2829 1330 2916 (1111113411)

179 2948 372 3014 quamquam
394 2929 452 2993 illa
474 2931 580 2993 aetate
602 2926 745 3013 exceptis
760 2934 876 2993 natura
893 2931 1002 2996 saxeis
1024 2951 1084 2997 nec
1105 2931 1249 3016 lapidum
1272 2955 1332 3001 nec

179 3032 278 3100 silicis
293 3036 433 3097 stratura
447 3029 546 3094 durae
561 3035 597 3094 ut
611 3037 739 3095 nostrae
752 3029 889 3114 fuerunt,
912 3031 998 3114 quod
1019 3031 1054 3096 id
1068 3033 1228 3115 unguibus
1243 3038 1330 3119 equi-

178 3135 229 3201 nis
255 3154 318 3200 non
348 3131 445 3197 soleis
472 3131 584 3197 ferreis
611 3130 731 3197 indutis
753 3131 849 3215 plane
877 3133 1034 3200 obfuisset
1056 3173 1098 3182 —
1122 3154 1222 3217 equus
1245 3140 1330 3206 enim

178 3235 301 3321 campis
323 3235 505 3324 patentibus
528 3240 560 3300 et
582 3233 690 3299 herbis
710 3232 972 3318 graminibusque
994 3236 1144 3303 mollibus
1166 3244 1259 3306 natus
1283 3248 1332 3308 est

179 3375 221 3384 —
243 3344 350 3403 tamen
379 3337 529 3403 continua
556 3335 809 3417 frequentatione
838 3337 1004 3420 paullatim
1033 3344 1155 3405 tantam
1182 3341 1329 3410 duritiem

180 3439 470 3523 nanciscebantur,
490 3444 526 3504 ut
554 3440 597 3505 ad
625 3437 798 3504 certamina
827 3438 860 3502 in
888 3440 934 3506 eis
963 3440 1155 3508 celebranda
1180 3444 1245 3508 iam
1267 3466 1330 3512 non

180 3539 316 3607 idoneae
348 3547 464 3607 essent.
514 3540 629 3607 Molles
662 3539 746 3606 enim
779 3559 835 3605 eas
868 3559 938 3607 esse
970 3542 1119 3610 debuisse
1152 3542 1330 3614 Ouidianus

180 3641 268 3707 locus
291 3641 378 3724 (Met.
401 3642 447 3709 Vl
468 3646 529 3708 218
542 3643 627 3727 sqq.)
649 3642 832 3709 testimonio
858 3648 921 3708 est:

285 3742 406 3809 Planus
428 3749 497 3810 erat
518 3745 647 3826 lateque
668 3748 783 3828 patens
804 3764 905 3829 prope
927 3747 1055 3812 moenia
1076 3768 1217 3832 campus,

286 3845 432 3912 Assiduis
454 3846 600 3930 pulsatus
622 3847 722 3928 equis,
745 3845 800 3911 ubi
823 3847 916 3912 turba
937 3853 1077 3915 rotarum

286 3949 440 4029 Duraque
462 3949 672 4016 mollierat
693 3947 855 4014 subiectas
877 3951 997 4034 ungula
1017 3951 1160 4031 glaebas.
1186 3967 1189 3976 ⁴

196 4057 212 4060 .-
225 4053 381 4152 —lffilc
390 4081 463 4150 apud
474 4082 621 4150 Vergilium
633 4085 701 4138 Aen.
715 4083 736 4138 V
751 4085 799 4136 181
813 4081 930 4138 stadium
943 4087 997 4139 est:
1011 4080 1176 4154 ‘grammcus
1195 4083 1328 4158 campus'.
