3088 4774
540 331 573 384 A.
599 328 651 383 DE
670 329 907 389 GAROERIBUS.
1262 340 1303 398 83

144 498 286 562 τιθέναι
312 499 362 582 τῷ
388 497 489 584 ἵππῳ
515 503 570 566 καὶ
599 500 680 568 ὅταν
704 501 762 569 ἐπὶ
789 503 894 590 ψῆξιν
919 507 974 572 καὶ
997 499 1078 573 ὅταν
1102 504 1161 574 ἐπὶ
1183 508 1304 578 κάλι-

145 619 278 682 στραν
294 596 402 686 ἐξάγῃ.
435 603 484 668 Id.
499 602 618 670 Oecon.
630 605 678 670 XI
692 609 746 672 18:
763 603 901 673 ἐπειδὰν
918 607 1073 674 δὲταῦτα
1089 603 1120 696 [ἦ
1138 608 1302 699 ἵππασία]

143 703 291 787 γένηται,
308 696 325 767 ὃ
343 715 426 780 παῖς
441 701 628 782 ἐξαλίσας
642 703 701 772 τὸν
716 705 826 774 ἵππον
842 707 956 775 οἴκαδε
971 702 1107 794 ἀπάγοι.
1136 712 1299 797 Aristoph.

143 802 231 868 Nub.
248 805 286 866 31
305 804 347 871 de
362 825 446 889 equo
462 809 586 874 currili:
610 801 721 893 ἄπαγε
742 807 801 875 τὸν
820 809 930 876 ἵππον
954 809 1154 889 ἐξαλίσας
1177 811 1301 880 οἴκαδε.

142 905 218 970 Ael.
235 905 309 972 hist.
325 909 422 974 anim.
437 908 486 974 III
501 913 520 973 2
536 909 577 976 (1ο
592 912 731 996 Libyam
746 914 779 978 in
796 913 944 981 curandis
966 915 1057 997 equis
1079 918 1301 1001 neglegentia:

144 998 224 1069 οἵτε
244 1009 323 1089 γοῦν
347 999 461 1084 αὐτοῖς
481 1007 622 1098 κομιδὴν
643 1017 895 1101 προσφέρουσιν
921 1014 954 1080 οἱ
977 1013 1157 1096 δεσπόται,
1182 1011 1220 1082 οὐ
1241 1042 1301 1083 κα-

143 1109 337 1190 ταψῶννες,
368 1101 405 1174 οὗ
432 1109 723 1199 saturataque
752 1113 972 1200 ἐργασάμενοι
997 1117 1066 1194 aad,
1114 1119 1179 1186 Osr-
1203 1122 1302 1187 etiam

144 1210 292 1277 eiusdem
321 1232 389 1278 var.
412 1213 485 1280 hist.
507 1215 584 1280 XIV
609 1220 647 1279 15
678 1223 710 1282 et
736 1219 985 1303 lexicographos
1008 1241 1032 1286 s.
1055 1241 1108 1286 vu.
1130 1220 1300 1306 κνλίσιρα,

144 1308 340 1396 ἐξαλίσιρα,
371 1305 581 1402 ἂλινδήθρα).
623 1318 661 1382 In
686 1319 805 1403 Alphei
832 1341 960 1405 quoque
984 1323 1057 1405 ripa
1084 1324 1150 1388 tale
1170 1324 1300 1406 aliquid

142 1414 245 1481 fuisse
268 1416 337 1482 iure
359 1417 436 1483 licet
458 1438 593 1485 sumere.

230 1517 324 1583 Hanc
345 1517 387 1585 de
409 1520 608 1587 sinistrorum
636 1540 799 1588 carcerum
821 1542 880 1589 usu
907 1526 1098 1591 sententiam
1121 1527 1299 1594 hehndorf·

142 1616 204 1685 iius
234 1619 332 1685 etiam
360 1619 404 1685 ad
426 1622 588 1689 Romanos
617 1625 718 1692 circos
749 1626 910 1690 transtulit
932 1625 1018 1702 (adn.
1034 1627 1097 1704 29).
1105 1629 1125 1703 ¹)
1170 1628 1236 1696 Sed
1257 1650 1300 1696 ne

143 1720 177 1784 in
200 1719 251 1787 his
274 1720 406 1803 quidem
428 1725 531 1806 valet,
555 1723 709 1806 quodibi
733 1745 877 1809 quoque,
900 1746 1094 1810 quamquam
1116 1731 1234 1813 rarius,
1258 1751 1300 1797 ex

143 1823 293 1888 omnibus
321 1825 519 1908 carceribus,
549 1832 582 1891 et
610 1825 733 1892 dextris
756 1834 789 1892 et
810 1827 960 1911 sinistris,
991 1829 1122 1896 missum
1146 1850 1217 1897 esse
1239 1829 1313 1898 sci·'

143 1942 224 1988 mus.
270 1922 427 2000 Quoniam
457 1924 510 1992 hic
539 1947 608 1994 rem
637 1929 765 2010 longius
793 1931 943 2012 persequi
970 1931 1154 2016 nonlicet,
1183 1931 1299 2016 delego

142 2025 237 2106 plura
262 2026 478 2093 sciscitantem
500 2028 542 2094 ad
564 2028 809 2095 FriedIaenderi
838 2031 1005 2096 historiam
1035 2051 1159 2098 morum
1182 2034 1297 2100 Roma-

141 2146 257 2193 norum
271 2129 316 2206 (in
327 2132 391 2194 vol.
404 2130 444 2194 11.
456 2149 488 2213 p.
497 2133 569 2195 291.
578 2133 649 2195 312.
659 2131 744 2206 464).
774 2130 946 2198 Praeterea
959 2134 992 2198 in
1007 2133 1297 2214 dimicationibus2)

142 2236 337 2312 pugnatores
359 2232 478 2298 alteros
499 2252 517 2298 e
538 2231 662 2299 dextris
684 2232 865 2298 carceribus
888 2233 921 2297 in
944 2233 1108 2317 denham,
1136 2237 1256 2303 alteros
1279 2257 1297 2302 e

142 2333 279 2398 sinistris
302 2334 335 2397 in
357 2334 519 2400 sinistrum
542 2334 742 2417 curriculum,
766 2339 801 2398 ut
821 2334 855 2398 in
876 2355 954 2401 arcu
968 2336 1045 2403 circi
1060 2337 1143 2402 inter
1164 2357 1200 2403 se
1223 2358 1297 2404 cou-

142 2440 314 2518 currereut,
337 2437 451 2502 missos
475 2454 546 2502 esse
568 2435 789 2502 coniciendum
806 2441 863 2503 est.
900 2437 972 2504 Hoc
993 2438 1065 2504 loco
1081 2438 1297 2505 Romanorum

142 2536 299 2602 circorum
321 2536 552 2603 institutionem
574 2539 754 2604 accuratius
777 2539 981 2606 considerare
1001 2541 1149 2621 quamvis
1171 2543 1297 2608 animus

140 2638 240 2720 ferat,
262 2645 386 2720 tamen,
408 2659 449 2705 ne
471 2639 598 2721 longius
621 2659 642 2704 a
662 2657 699 2704 re
720 2642 886 2724 proposita
907 2642 1110 2726 aberremus,
1139 2650 1295 2709 vetamur.

142 2739 250 2806 Unum
272 2759 349 2806 vero
371 2739 559 2824 defendam,
583 2740 670 2824 quod
692 2748 803 2807 contra
824 2761 877 2808 me
897 2744 1016 2825 aliquis
1038 2745 1141 2826 possit
1163 2765 1293 2812 conver·

230 2976 254 3039 1)
268 2970 328 3027 ‘Ich
350 2974 424 3028 halte
441 2989 470 3028 es
488 2974 533 3029 fdr
555 2975 655 3029 hdehst
671 2975 908 3040 wahrscheinlich,
933 2975 996 3029 dass
1021 2991 1072 3030 nur
1090 2977 1133 3030 die
1150 2978 1207 3032 rier
1224 2993 1295 3047 resp.

142 3059 222 3113 sechs
235 3058 364 3114 Carceres
381 3075 430 3112 aur
442 3059 565 3113 Rechten
583 3060 630 3114 des
642 3059 794 3128 Einganges
805 3059 851 3112 ihr
868 3059 921 3112 den
933 3058 1035 3114 hblauf
1051 3060 1165 3116 benutzt
1175 3063 1295 3128 wurdeo,

142 3144 186 3198 die
203 3160 253 3198 zur
270 3143 377 3198 Linkeu
401 3144 520 3212 dagegen
538 3145 578 3198 als
595 3144 749 3199 Khhlstalle
772 3143 817 3198 fdr
834 3142 877 3196 die
895 3142 994 3199 Pierde
1014 3146 1085 3198 uach
1103 3146 1163 3199 dem
1181 3146 1295 3202 Rennen

143 3229 265 3296 dienten3
284 3229 359 3295 oder,
378 3244 436 3284 was
448 3231 500 3283 mir
511 3229 583 3282 noch
595 3229 646 3284 viel
655 3228 920 3290 ,rrahrscheinlichen
937 3244 987 3282 aur
997 3230 1213 3297 provisorischen
1225 3232 1295 3286 Auf-

142 3315 258 3382 stellung
281 3315 330 3367 der
343 3309 506 3382 desperas,
529 3313 572 3366 die
595 3313 633 3366 im
650 3313 893 3381 nechstfolgendcu
910 3313 1023 3368 Rennen
1041 3316 1161 3381 (Missus)
1180 3331 1295 3370 concur-

141 3398 213 3452 riren
232 3399 338 3462 sollten,
357 3398 413 3452 und
431 3398 490 3452 sich
504 3396 650 3466 jedenfalls
668 3397 727 3451 eine
739 3397 827 3451 Weile
838 3398 936 3452 vorher
947 3396 1082 3453 einfinden
1100 3405 1230 3468 moseten,
1249 3417 1295 3454 um

142 3484 212 3538 ohne
230 3482 391 3538 Zeitverlust
407 3482 436 3537 in
455 3482 497 3537 die
513 3482 753 3536 Ablautscarceres
772 3483 921 3538 einrddren
937 3501 971 3538 au
989 3484 1114 3546 konnen,
1138 3485 1234 3539 scheid
1252 3485 1295 3539 die

140 3567 357 3637 rorhergehende
375 3567 505 3621 Nummer
521 3567 568 3622 des
586 3568 756 3634 Programms
780 3568 908 3634 beendet,
932 3569 1013 3623 sowie
1036 3567 1107 3622 auch
1124 3569 1206 3623 heute
1222 3571 1294 3624 noch

141 3653 184 3708 die
201 3651 299 3707 Pferde
315 3652 361 3707 fdr
378 3656 487 3722 spatere
504 3653 619 3706 Rennen
642 3651 688 3706 des
706 3649 793 3718 Tages
812 3653 871 3707 sich
888 3653 937 3707 auf
956 3654 1016 3709 dem
1034 3652 1209 3721 Satteipletze
1226 3655 1293 3707 min·

141 3739 247 3793 destens
266 3737 326 3792 eine
343 3738 424 3791 halbe
435 3738 537 3792 Stunde
554 3738 651 3792 vorher
669 3734 803 3791 einfinden
820 3743 937 3801 mhssen,
955 3753 1001 3791 um
1012 3737 1048 3791 im
1066 3738 1219 3805 gegebenen
1231 3737 1292 3792 Mo·

140 3829 212 3878 ment
235 3825 306 3878 ohne
325 3821 488 3878 Zeitverlust
510 3839 553 3878 am
577 3821 689 3876 Pfosten
712 3821 868 3876 erscheinen
890 3839 924 3876 zu
949 3823 1065 3876 konnen.
1101 3821 1180 3875 Nach
1204 3821 1293 3877 dieser

141 3908 271 3976 Analogia
288 3911 395 3962 mdchte
412 3907 458 3960 ich
475 3907 547 3962 dann
565 3908 636 3961 auch
653 3905 706 3960 deu
717 3905 816 3960 Zweek
834 3905 883 3960 der
900 3906 1085 3973 linksseitigen
1104 3904 1246 3961 Oihemata
1262 3907 1292 3960 in

142 3994 188 4048 der
204 3992 392 4062 griechischen
408 3992 525 4060 Aphesis
543 3982 730 4047 beurtheilen.'

225 4082 250 4144 2)
267 4094 292 4133 v.
306 4078 379 4132 Suet.
393 4076 493 4133 Domit
505 4081 530 4132 4.
1049 4159 1085 4211 6*
