3096 4766
461 291 495 346 Δ.
524 290 573 344 DE
592 288 830 346 HIPPODROMO
849 288 1047 344 HOMERIGO.
1289 288 1326 346 11

266 462 356 542 Quae
387 463 493 532 omnia
519 463 625 531 animo
655 461 841 547 complexus
867 461 937 529 iure
964 461 1054 529 dicas
1082 465 1201 528 metam
1229 461 1329 529 tuisse

180 571 325 636 veterum
347 564 628 651 hippodromorum
652 563 925 650 impedimentum.
969 566 1051 631 'Pale
1072 563 1150 646 quid
1171 585 1193 630 a
1213 563 1329 631 nostris

180 669 320 737 alienum
343 672 401 737 est.
437 669 537 735 lmmo
553 667 603 734 his
618 669 722 733 forma
743 673 793 734 est
807 668 961 750 oblonga:
983 686 1118 749 quorum
1132 667 1242 748 anguli
1257 686 1329 732 eum

181 773 263 840 hene
284 769 446 838 rotundati
467 770 530 836 sint
544 777 577 836 et
598 771 695 837 totius
716 770 805 854 plani
826 769 860 836 in
875 775 1018 838 extremo
1040 773 1164 836 tautum
1182 769 1327 852 margine

181 874 263 943 curri
286 875 398 957 soleat,
420 871 481 939 arti
503 873 665 940 anfractus
687 871 846 939 evitantur
857 870 890 955 ¹),
913 872 947 938 id
969 870 1056 953 quod
1070 870 1233 939 veteribus
1255 891 1328 938 con-

180 976 313 1044 trarium
334 981 392 1043 est.
430 976 542 1057 ltaque
556 974 656 1043 nostri
678 974 846 1058 equisoncs
862 993 962 1058 equos
984 972 1027 1039 ad
1048 973 1223 1040 certamina
1235 993 1328 1058 prac-

181 1079 334 1164 parantcs'
363 1068 577 1162 t‘Training')
609 1097 673 1144 non
703 1077 737 1142 in
769 1075 929 1144 subtiliter
955 1076 1002 1144 eis
1032 1074 1329 1144 condocefaciendis

181 1180 320 1248 studium
348 1185 485 1266 ponunt,
519 1177 578 1247 sed
605 1178 639 1244 id
666 1199 722 1246 eos
749 1177 982 1264 pedetemptim
1010 1177 1263 1261 consuefaciunt,
1295 1185 1330 1244 ut

181 1281 433 1350 macescentihus
448 1281 633 1367 emporibus
655 1303 714 1367 per
729 1283 872 1366 amplum
893 1279 1143 1367 spatium‘quam
1164 1279 1330 1348 celerrime

181 1391 308 1452 ruentes
329 1383 502 1469 perdurent
524 1388 566 1467 et,
587 1384 650 1450 nisi
671 1382 714 1450 ad
735 1385 866 1470 planum
889 1403 1036 1467 campum
1052 1373 1330 1466 (‘Flachrennen’)
1438 1457 1441 1464 Δ

181 1489 284 1555 solum
298 1486 451 1554 destinati
464 1494 547 1567 sunt,
570 1487 672 1554 omnis
686 1487 813 1568 generis
827 1485 1058 1572 impedimenta
1073 1490 1105 1553 et
1124 1487 1192 1552 alta
1206 1491 1238 1552 et
1252 1485 1329 1567 lata,

180 1595 215 1657 ut
237 1608 367 1675 saepes,
390 1607 514 1672 muros,
536 1606 688 1673 aggeres,
709 1592 830 1673 fossas,
859 1597 914 1657 aut
936 1588 1080 1657 saliendo
1103 1594 1160 1654 aut
1181 1586 1330 1654 enitendo

180 1692 333 1760 audacter
355 1692 492 1760 vincant.
529 1691 569 1758 ld
588 1688 690 1774 genus
704 1690 934 1777 impedimenta
947 1711 1100 1776 superare
1122 1689 1183 1758 etsi
1204 1696 1330 1757 veteres

180 1794 213 1860 in
234 1794 353 1879 apertis
369 1794 490 1880 campis
506 1785 748 1878 (campagnc’)
765 1813 865 1876 equos
884 1793 1039 1861 militares
1062 1792 1220 1860 docebant
1234 1790 1328 1876 (Xen.

181 1894 222 1964 de
244 1916 277 1962 rc
300 1914 372 1977 equ.
396 1915 466 1979 cap.
481 1895 565 1963 VIII.
603 1894 720 1962 Oecon.
744 1916 813 1980 cap.
834 1897 882 1962 XI
906 1893 970 1979 17),
996 1915 1017 1962 a
1038 1896 1170 1963 circensi
1192 1913 1252 1962 usu
1274 1915 1328 1962 ex·

181 1997 369 2080 eludebant,
398 1997 473 2078 quia
499 1997 637 2063 currulia
659 1997 833 2064 certamina
853 1998 887 2062 in
913 2017 1021 2065 eorum
1049 1996 1269 2083 hippodromis
1298 2003 1330 2062 et

182 2099 305 2184 origine
319 2105 352 2164 et
366 2099 488 2166 honore
503 2098 704 2181 equestribus
718 2101 827 2184 priora
848 2102 947 2167 erant.
985 2097 1037 2164 Ad
1053 2118 1201 2165 curruum
1221 2107 1330 2166 autem

182 2200 372 2267 certationes
395 2221 466 2267 cum
488 2203 574 2270 levia
596 2221 737 2284 aequora
758 2202 864 2286 campi
886 2201 1054 2286 aptissima
1068 2202 1140 2284 sint,
1163 2208 1198 2267 ut
1220 2222 1330 2270 omnes

182 2309 326 2371 veterum
349 2302 566 2389 hippodromi,
588 2305 635 2372 sie
658 2304 845 2372 Homericus
868 2324 995 2390 quoquc
1016 2305 1049 2370 in
1079 2304 1137 2371 tali
1159 2304 1239 2371 situs
1262 2313 1331 2380 erat

180 2404 224 2489 (v.
241 2409 318 2470 359:
340 2402 374 2470 ἐν
397 2406 475 2492 λείῳ
497 2406 615 2491 πεδίῳ.
649 2427 678 2474 v.
696 2411 772 2473 330:
795 2407 883 2484 λεῖος
902 2399 933 2472 d'
961 2405 1175 2494 ἱππόδρομος
1198 2399 1331 2494 ἀμφίς).

180 2507 243 2587 Qui
264 2508 350 2592 quod
372 2530 393 2575 a
414 2509 496 2575 mari
516 2509 549 2575 in
571 2514 688 2577 terram
710 2509 864 2578 orientem
885 2529 997 2577 versus
1018 2512 1188 2595 vergebat,
1210 2511 1245 2578 id
1267 2533 1330 2580 non

180 2612 269 2679 casui
283 2612 447 2679 tribuerim
470 2615 512 2692 (v.
529 2615 607 2678 364:
630 2611 663 2678 οἱ
679 2604 709 2676 d’
735 2596 805 2678 ὦκα
821 2612 1024 2700 διέπρησσον
1047 2612 1182 2680 πεδίοιο
1201 2614 1207 2698 Ι
1226 2612 1329 2702 νόσφι

180 2717 263 2782 νεῶν
291 2717 426 2797 ταχέως.
469 2736 500 2781 v.
523 2718 601 2782 373:
630 2705 705 2780 ἀλλ’
732 2711 787 2782 ὅτε
818 2712 856 2801 δὴ
880 2713 1035 2800 πύματον
1063 2717 1175 2783 τέλεον
1204 2716 1329 2802 δρόμον

181 2808 281 2894 ὠκέες
308 2805 516 2901 ἵπποιΙόἷψ
545 2808 609 2904 ἐφ’
641 2811 738 2895 ἁλὸς
765 2818 924 2904 πολιῆς.
958 2818 1022 2885 cfr.
1039 2838 1108 2904 cap.
1126 2818 1241 2904 111A).
1285 2823 1330 2888 At

181 2921 297 2988 Gracci
312 2941 353 2988 ex
368 2919 444 3005 (tyri
459 2919 598 2987 adversa
613 2920 816 3004 expeditione
831 2920 874 2987 ad
887 2922 985 2989 maris
1000 2921 1076 2989 litus
1093 2924 1213 2990 reversi
1227 2943 1329 3008 prope

181 3025 415 3108 Trapezuntem
430 3042 488 3106 per
503 3021 627 3089 declive
643 3023 812 3091 decurrunt
827 3021 924 3108 (Xon.
940 3024 1097 3092 Anab.Vl
1113 3028 1141 3108 8,
1154 3029 1211 3091 28:
1227 3023 1327 3092 ἔθεον

182 3125 288 3191 δὲκαὶ
303 3123 409 3190 ἵπποι
430 3125 486 3190 καὶ
501 3121 570 3190 ἔδει
585 3120 706 3202 αὐτοὺς
726 3123 829 3190 κατὰ
852 3127 921 3191 τοῦ
943 3129 1128 3211 πρανοῦς
1151 3124 1330 3204 ἐλάσαντες

182 3226 216 3294 ἒν
244 3230 286 3314 τῇ
318 3224 472 3313 θαλάττῃ
502 3230 706 3312 στρέψαντες
735 3227 840 3295 πάλιν
869 3225 956 3313 πρὸς
982 3225 1042 3294 τὸν
1068 3226 1183 3312 βωμὸν
1214 3223 1328 3316 ἄνειν).

182 3330 252 3398 Ηοο
279 3330 450 3396 Persarum
478 3332 613 3398 fortasse
642 3331 902 3399 consuetudinem
930 3330 1046 3397 imitati
1068 3328 1114 3416 (p.
1131 3331 1165 3416 8)
1188 3332 1261 3400 ideo
1283 3335 1328 3400 fe-

183 3437 306 3516 cemnt,
334 3432 420 3515 quod
442 3453 519 3519 prae
540 3439 708 3501 montuosa
727 3433 791 3500 loci
812 3439 927 3499 natura
948 3433 1041 3499 aliter
1063 3454 1126 3500 non
1147 3440 1329 3519 potuerunt.

183 3532 286 3612 Quam
308 3534 422 3603 Graeci
444 3540 476 3602 et
498 3535 573 3617 equi
595 3541 628 3603 et
649 3534 772 3618 equites
793 3534 827 3601 in
850 3535 1006 3602 eiusmodi
1026 3534 1238 3621 hippodromo
1260 3557 1329 3603 cur·

182 3656 253 3703 rere
274 3656 337 3703 non
360 3637 478 3704 luerint
499 3637 681 3722 exercitati,
710 3657 729 3703 e
751 3637 973 3722 Xenophontis
999 3638 1182 3706 narratione
1204 3638 1328 3707 affatim

181 3743 326 3823 apparet

180 4059 200 4115 fl
271 3979 295 4041 1)
311 3973 425 4044 Excipio
444 3975 598 4032 venationes
616 3970 844 4045 t‘chdrennen’),
862 3975 910 4031 ubi
924 3975 968 4030 hic
985 3975 1040 4030 illie
1057 3976 1223 4045 rectangulis
1240 3992 1330 4047 paene

200 4060 308 4116 ectitur.
