3096 4766
421 319 453 372 B.
480 316 532 372 DE
550 317 790 373 HIPPODROMO
808 317 1009 374 NONNIANO.
1252 321 1291 378 19
1319 379 1324 390 ,

140 492 300 577 Sequitur,
323 499 358 559 ut
379 492 467 575 apud
481 492 631 557 Nonnum
646 512 676 557 v.
693 493 755 555 289
771 489 925 573 πόματος
940 488 1063 574 δρόμος
1084 512 1149 557 non
1171 492 1212 559 de
1235 513 1290 558 ex-

139 600 241 659 tremo
257 595 350 659 unius
366 595 465 661 solius
480 594 630 660 circuitus
645 594 750 676 spatio
765 594 1001 678 intellegendus
1016 595 1068 675 sit,
1083 593 1142 660 sed
1154 593 1195 659 de
1210 595 1289 660 inte·

138 716 197 778 gro
219 695 354 761 circuitu
375 695 513 779 plurium
528 695 703 760 novissimo
719 695 787 772 (cfr.
802 716 833 779 p.
850 699 892 771 9).
924 694 963 760 ld
979 714 1109 778 quoque
1129 714 1171 760 ex
1194 714 1233 760 ea
1255 714 1290 761 re

139 796 395 865 concludendum
417 803 466 862 est
485 797 690 868 Nonnianum
712 795 958 880 hippodromum
980 817 1043 862 non
1059 802 1167 862 tantae
1188 797 1290 880 longi·

137 900 258 965 tudinis
274 917 344 965 esse
359 897 512 981 potuisse,
529 906 667 980 quantae
682 899 898 982 Homericum,
921 904 957 965 ut
969 899 1097 964 Aeacus
1113 899 1216 964 minus
1232 920 1290 981 pro

138 1021 214 1084 usus
243 1000 434 1066 necessitate
461 1000 504 1065 ad
527 1001 719 1066 exteriorem
741 1008 859 1067 metam
888 999 1054 1068 custodem
1082 1001 1164 1065 mitti
1193 1020 1290 1083 quam

137 1103 269 1169 Homeri
285 1100 455 1166 imitationi
471 1101 582 1166 deberi
594 1101 742 1167 videatur
753 1105 794 1180 (v.
808 1106 952 1170 238-41
967 1130 1010 1153 =
1021 1102 1058 1166 ll.
1075 1103 1109 1162 Ψ
1119 1103 1289 1178 359-61).

223 1204 368 1270 Alterum
391 1202 564 1268 discrimen
585 1210 642 1286 est,
666 1204 752 1285 quod
774 1225 855 1276 unus
871 1224 913 1270 ex
928 1205 1069 1287 quinque
1085 1203 1289 1285 certantibus,

137 1306 299 1388 Phaunus,
322 1305 480 1388 quadriga
502 1304 630 1372 vehitur
645 1310 686 1380 (v.
704 1308 776 1370 347.
798 1308 883 1385 432).
920 1305 992 1383 Qua
1006 1307 1039 1370 in
1055 1295 1091 1370 re
1106 1305 1233 1370 tametsi
1248 1303 1290 1370 de

104 1471 107 1478 ,
136 1409 223 1492 Sole,
239 1428 302 1474 avo
317 1427 375 1474 suo
392 1411 434 1485 (v.
451 1412 535 1490 414),
551 1408 735 1490 exemplum
752 1410 876 1490 cepisse
892 1407 1008 1474 dicitur
1023 1417 1065 1480 (v.
1085 1408 1166 1489 168),
1182 1411 1290 1472 tamen

134 1512 176 1577 ab
192 1511 365 1576 Homerico
380 1530 439 1576 usu
454 1530 610 1593 perquam
625 1509 796 1592 discrepat.
836 1510 983 1591 Namque
999 1508 1111 1574 Iliadis
1127 1507 1242 1574 heroes
1258 1515 1291 1574 et

12 1632 26 1696 ,5
54 1697 59 1706 Ι
134 1615 167 1677 in
189 1613 314 1696 proelio
338 1617 370 1676 et
391 1612 424 1675 in
440 1612 612 1678 certamine
636 1612 720 1696 bigis
743 1613 789 1678 uti
812 1613 1012 1678 notissimum
1037 1616 1094 1691 est,
1117 1611 1180 1676 nisi
1202 1609 1290 1693 quod

15 1755 25 1800 3,
134 1713 296 1780 interdum
311 1713 344 1778 in
359 1732 468 1795 pugna
483 1711 534 1778 his
545 1713 670 1779 duobus
682 1714 773 1795 equis
789 1715 918 1779 tertium
928 1706 1100 1797 παρήορον
1111 1711 1291 1794 adiungunt

0 1867 15 1902 ,
134 1815 183 1892 (ll.
200 1818 237 1877 Π
251 1817 324 1877 471.
341 1818 424 1888 474).
459 1812 547 1890 Quos
561 1821 669 1880 autem
684 1814 805 1880 Neleus
828 1816 860 1879 in
876 1813 1004 1879 Elidem
1024 1812 1065 1878 de
1080 1812 1208 1895 tripode
1222 1831 1289 1879 cer·

1 1965 2 1968 ,
135 1922 257 1981 taturos
272 1915 360 1980 misit
375 1918 425 1991 (A
432 1917 509 1979 698:
525 1917 685 1997 τέσσαρες
700 1907 893 2000 ἀθλοφόροι
907 1914 1013 1979 ἵπποι
1030 1906 1180 1978 αὐτοῖσιν
1195 1906 1290 1993 ὄχεσ-

0 2078 18 2096 ρ
137 2021 218 2102 φιν),
242 2018 273 2081 ei
295 2022 444 2098 quattuor
466 2017 540 2098 equi
559 2036 623 2081 non
644 2018 826 2083 necessario
844 2017 1035 2100 quadrigam
1057 2014 1208 2096 efficiunt,
1231 2015 1289 2080 sed

14 2146 17 2180 .
136 2124 269 2200 possunt
296 2117 381 2181 duae
409 2117 506 2199 bigae
529 2137 614 2200 esse,
644 2137 708 2200 qua
730 2120 763 2183 in
785 2137 820 2183 re
848 2117 1041 2184 scholiastae
1064 2134 1193 2199 quoque
1216 2135 1288 2181 con-

1 2269 18 2314 „
136 2220 284 2284 sentiunt.

220 2322 272 2386 Ad
296 2320 378 2385 haee
400 2321 591 2387 notabiliora
613 2322 771 2388 accedunt
792 2322 916 2387 leviora
939 2321 1109 2403 quaedam.
1147 2319 1288 2403 Aurigae

137 2425 221 2490 enim
245 2444 316 2490 oum
340 2424 427 2506 apud
449 2424 640 2506 Homerum,
669 2424 856 2506 priusquam
878 2424 919 2488 de
941 2423 1132 2489 stationibus
1155 2423 1288 2488 sortian-

136 2535 203 2604 tur,
231 2527 264 2590 in
287 2545 397 2591 currus
420 2526 610 2608 ascendant,
640 2524 693 2590 hic
715 2533 825 2591 contra
846 2527 934 2608 prius
960 2526 1134 2590 sortionem
1156 2525 1286 2590 faciunt

2 2681 9 2711 ,
135 2627 295 2694 Differunt
311 2628 418 2711 etiarn,
441 2634 476 2693 ut
491 2628 551 2695 hoc
566 2629 682 2693 leviter
696 2629 923 2710 perstringam,
942 2628 975 2691 in
997 2627 1093 2694 modo
1117 2626 1287 2692 sortiendi:

3 2795 6 2802 .
134 2732 180 2797 ibi
203 2731 304 2810 enim,
334 2735 369 2793 ut
390 2729 495 2794 solent
515 2730 564 2805 (ll.
581 2733 612 2791 Γ
625 2731 695 2793 316.
713 2732 785 2794 325.
813 2730 931 2793 Ψ861.
955 2727 1015 2795 Οδ.
1031 2752 1050 2790 κ
1065 2729 1157 2811 206),
1186 2735 1288 2795 sortes

3 2881 5 2900 ι
134 2834 176 2899 ab
205 2831 333 2898 Achille
362 2828 396 2894 in
430 2831 556 2897 casside
589 2832 788 2915 quatiuntur,
822 2831 925 2896 donee
958 2833 1104 2914 singulae
1138 2831 1289 2897 excidant

134 2937 177 3014 (r.
195 2936 256 2998 353
269 2935 369 3016 sqq.);
393 2930 446 2996 hic
460 2933 522 3015 ipsi
538 2932 691 3015 deinceps
714 2924 917 3014 (ἀμοιβαδίς)
932 2933 1048 2999 velatis
1071 2933 1171 2998 oculis
1187 2937 1289 2996 sortes

135 3057 152 3102 e
182 3035 308 3102 casside
336 3040 495 3116 promunt.
546 3033 641 3111 Quod
669 3041 838 3117 postquam
868 3035 1028 3118 fecerunt,
1058 3033 1101 3099 ad
1126 3039 1288 3100 certamen

134 3139 311 3204 consistunt
333 3137 376 3211 (v.
392 3137 480 3210 237t:

298 3232 471 3316 ἱστάμενοι
494 3233 670 3322 στοιχηδὸν
692 3227 880 3317 ἀμοιβαίων
902 3231 960 3298 ἐπὶ
984 3234 1124 3321 δίφρων.

133 3340 338 3406 Adiectivum
366 3330 544 3419 ἀμοιβαῖος
573 3338 626 3406 hic
647 3340 811 3421 passivam
839 3338 904 3402 vim
934 3336 1032 3404 habet
1055 3337 1146 3420 quasi
1169 3336 1289 3402 dictum

135 3441 191 3506 sit:
209 3432 438 3522 ἀμειβομένων
454 3437 512 3507 ἐπὶ
528 3439 668 3524 δίφρων.
703 3438 900 3522 Saepissime
916 3439 1002 3504 idem
1018 3445 1067 3506 est
1081 3437 1169 3520 quod
1180 3430 1287 3503 ‘alter-

134 3532 207 3608 nus’
232 3544 275 3617 (v.
293 3545 369 3606 564:
401 3539 643 3622 συνοχμάζοντο
670 3538 733 3624 γὰρ
763 3533 865 3626 ἀμφω
891 3540 895 3614 Ι
920 3541 1034 3623 χερσὶν
1060 3531 1288 3623 ἀμοιβαίῃσιν.

135 3642 311 3709 XXXVIII
322 3646 394 3709 289.
417 3645 564 3711 XXXIX
577 3648 648 3710 351.
671 3644 763 3710 XLII
776 3646 847 3706 510.
871 3642 960 3708 XLV
972 3646 1044 3707 222.
1067 3641 1204 3707 XLVIII
1217 3644 1288 3705 552.

136 3748 209 3811 857.
231 3745 352 3810 XLVII
365 3748 435 3811 129.
450 3751 520 3811 154.
536 3749 619 3824 173).
648 3748 817 3812 Alternant
831 3751 939 3810 autem
955 3764 1074 3826 currus,
1092 3742 1179 3826 quod
1194 3750 1289 3809 antea
1322 3780 1325 3787 -

134 3848 225 3915 nullo
248 3852 335 3912 certo
358 3848 470 3914 ordine
493 3848 641 3932 dispositi
663 3866 747 3912 nunc
762 3865 857 3928 quam
874 3846 1011 3929 quisque
1030 3846 1201 3912 stationem
1222 3865 1288 3911 sor-

135 3951 212 4016 titus
236 3955 294 4030 est,
318 3966 390 4015 eam
412 3958 562 4034 occupat:
585 3968 620 4014 re
636 3968 713 4014 vera
730 3947 827 4031 igitur
848 3968 912 4014 non
935 3967 1043 4015 currus
1058 3954 1287 4029 permutantur,

135 4049 194 4118 sed
223 4068 334 4115 eorum
360 4051 524 4135 stationes.
572 4051 685 4118 Utrum
713 4068 791 4116 vero
819 4049 902 4116 alius
926 4058 999 4134 post
1021 4050 1119 4114 alium
1142 4071 1184 4114 an
1205 4050 1288 4114 alius

1049 4149 1084 4201 2*
