3088 4774
519 321 553 377 ὰ
579 319 631 374 DE
650 319 887 377 GARGERIBUS.
1240 321 1280 380 55

88 495 129 560 in
156 495 315 562 sinistra
335 514 432 561 areae
453 497 544 578 parte
567 499 617 560 sat
638 494 780 577 amplum
800 493 982 560 extenditur
997 495 1145 576 spatium,
1168 495 1201 559 in
1216 513 1279 576 quo

89 604 179 680 post
203 595 315 662 finita
335 597 512 663 eertamina
533 615 642 662 onnus
664 596 766 662 libere
789 595 921 678 evagari
936 596 1110 678 potuerint:
1134 602 1231 678 alque
1246 596 1281 662 id

91 706 173 765 tam
199 698 399 764 necessario
420 697 607 780 requiritur,
637 697 726 763 utin
749 697 807 762 illa
827 701 918 779 parte
940 716 981 763 ne
1006 696 1122 762 altaria
1150 696 1281 780 quidem

94 802 216 868 fnisse
241 801 347 866 faoile
368 798 569 882 crediderim,
590 798 709 865 nedum
732 797 896 883 oppidum.
948 798 1096 882 Denique
1118 798 1192 865 huie
1214 800 1281 882 opi-

96 903 204 968 nioni
230 920 350 983 neque
365 907 471 966 oetera
485 901 666 967 Pausaniae
681 900 782 966 verba
804 901 932 966 obstant
951 919 1057 982 neque
1072 935 1113 945 -
1129 907 1282 985 quantum

99 1023 202 1070 nune
227 1001 377 1068 iudieare
399 1021 567 1084 possumus
589 1039 632 1050 -
653 1003 754 1085 ipsius
775 1001 838 1068 looi
860 991 992 1066 natura‘

204 1105 306 1172 Haeo
333 1105 550 1189 praeceptoris
579 1103 847 1170 venerandissimi
876 1104 1035 1169 sententia
1061 1108 1149 1168 tanto
1177 1103 1281 1184 magis

103 1206 199 1273 mihi
231 1207 358 1274 arridet
380 1227 434 1293 ea,
464 1225 560 1289 quam
589 1205 659 1288 ipse
689 1204 729 1271 de
756 1224 793 1270 re
820 1205 900 1270 mihi
927 1204 1083 1271 finxeram
1097 1206 1133 1288 ¹),
1162 1209 1281 1269 utnon

105 1309 246 1392 possim
277 1310 401 1393 faeere,
434 1309 510 1392 quin
539 1307 626 1373 omni
654 1311 815 1388 exparte
843 1327 915 1372 eam
942 1306 1086 1388 probem.
1130 1305 1179 1371 Ao
1199 1324 1283 1371 nuno

107 1408 259 1493 quidem
282 1429 391 1476 meum
413 1414 462 1476 est
483 1407 629 1490 pluribus
652 1428 724 1474 eam
747 1427 918 1491 exponere.

206 1511 265 1578 De
294 1512 399 1578 forma
427 1509 629 1593 hippodromi
658 1530 741 1593 quae
766 1510 867 1576 verba
894 1509 1073 1576 Pausanias
1101 1509 1179 1576 feeit
1200 1509 1282 1587 (15):

108 1615 380 1694 „wapexopdoov
404 1610 440 1676 δὲ
461 1612 521 1676 τοῦ
545 1608 761 1692 ἱπποδρόμου
790 1604 1005 1697 παρήκουσαν
1031 1607 1066 1687 ἐς
1093 1611 1197 1675 πλέον
1222 1605 1283 1696 τὴν

107 1711 244 1796 ἑτέραν
267 1716 335 1779 τοῖν
358 1712 524 1792 πλευρῶν,
552 1708 642 1775 ’ἐστιν
665 1708 723 1776 ἐπὶ
745 1713 804 1797 τῆς
824 1709 976 1794 μείζονος
1004 1712 1159 1796 πλευρᾶς,
1184 1705 1285 1798 οὔσης

105 1813 284 1898 χώματος
424 1810 441 1877 ὁ
469 1809 702 1893 Ταράξιππος.
726 1849 768 1859 -
796 1817 865 1899 (21,
890 1817 920 1893 1)
947 1809 986 1878 τὸ
1017 1811 1054 1878 δὲ
1084 1811 1195 1897 ἕτερον
1223 1816 1284 1878 τοῦ

112 1914 349 1999 ἱπποδρόμου
372 1918 473 1999 μέρος
495 1905 533 1978 οὗ
552 1915 651 1994 χῶμα
672 1915 730 1998 γῆς
752 1911 857 1993 ἐστιν,
881 1908 959 1998 ὄρος
982 1913 1019 1980 δὲ
1041 1907 1099 1996 οὐχ
1120 1909 1283 2001 ὖψηλὸν“,

112 2040 161 2087 ea
185 2021 236 2086 ab
259 2019 406 2085 omnibus
429 2015 536 2082 adhuo
557 2017 783 2098 interpretibus
804 2024 933 2099 praeter
953 2018 1145 2084 Bursianum
1166 2017 1283 2100 Geogr.

114 2125 180 2190 Gr.
198 2123 246 2187 ΙΙ.
261 2140 292 2203 p.
309 2123 371 2184 298
384 2139 430 2202 sq.
454 2120 500 2184 ita
514 2117 678 2183 intelleota
692 2123 774 2200 sunt,
797 2123 832 2184 ut
846 2118 995 2184 dextrum
1017 2120 1101 2185 latus
1123 2139 1284 2203 aggerem,

117 2225 297 2292 sinistrum
320 2222 434 2288 oollem
457 2219 557 2285 fuisse
572 2218 695 2284 vellent
715 2226 749 2286 et
770 2219 831 2286 hoo
854 2219 1087 2305 contraherent,
1110 2220 1192 2286 illud
1213 2240 1284 2303 pro-

118 2327 297 2392 ducerent.
340 2322 379 2388 ld
402 2341 459 2388 suo
481 2321 583 2403 magis
606 2320 761 2386 arbitratu
783 2321 927 2388 fecerunt
948 2341 1044 2404 quam
1067 2323 1191 2388 merito.
1234 2323 1284 2387 Ex

119 2448 194 2512 quo
219 2425 397 2510 sumptibus
419 2424 548 2506 imperii
562 2421 745 2488 Germanioi
767 2422 808 2490 de
830 2424 928 2491 stadii
950 2425 1014 2491 situ
1036 2425 1188 2491 oertiores
1207 2425 1285 2491 faeti

121 2548 259 2610 sumus,
289 2527 482 2612 eontrarium
505 2524 614 2589 valere
642 2524 722 2589 mihi
750 2545 938 2610 persuasum
962 2533 1018 2593 est
1064 2526 1178 2609 Neque
1200 2529 1286 2592 enim

122 2629 271 2698 deolivis
285 2627 416 2694 Saturni
438 2626 545 2708 oollis,
569 2645 665 2709 quam
687 2628 729 2693 ab
751 2629 876 2712 integro
899 2629 1027 2696 sinistro
1050 2627 1081 2693 h.
1097 2648 1125 2695 e.
1149 2637 1285 2713 septem·

122 2731 263 2798 trionali
291 2730 388 2796 stadii
416 2747 535 2811 aggere
565 2735 755 2810 oooupatnm
783 2731 883 2796 fnisse
911 2731 1046 2811 seimus,
1080 2738 1286 2813 potestesse

124 2833 215 2900 illud
237 2823 316 2914 ὅρος
338 2822 396 2910 οὐχ
417 2824 562 2914 ὑψηλόν,
592 2830 927 2913 praeterquamquod
956 2833 1071 2898 mirum
1100 2840 1201 2917 esset,
1223 2835 1286 2900 nisi

127 2935 312 3001 Pausanias
340 2952 414 2998 eum
442 2929 571 2996 nomine
600 2932 798 3012 appellasset
823 2935 938 3015 arao,
964 2938 991 2997 1.
1036 2934 1121 3017 llrgo
1150 2935 1192 3000 de
1220 2937 1285 3000 alio

127 3035 283 3104 oollioulo
316 3032 521 3115 cogitandum
555 3038 613 3097 est.
664 3032 713 3097 Ao
741 3034 892 3114 quoniam
926 3033 1171 3117 hippodromum
1203 3037 1287 3101 inter

129 3137 275 3206 stadium
297 3141 329 3202 et
350 3133 468 3199 flumen
483 3131 645 3215 Alpheum
667 3134 834 3216 parallelis
857 3134 962 3200 stadio
978 3136 1132 3202 lateribus
1147 3138 1284 3220 positum

131 3241 235 3305 fuisse
258 3237 456 3304 simillimum
479 3240 529 3301 est
544 3236 613 3300 veri
635 3235 703 3311 (eir.
718 3233 916 3301 Boettioheri
938 3236 1003 3301 tab.
1018 3238 1159 3320 regionis
1175 3236 1285 3322 Olym·

38 3388 39 3392 =
131 3343 250 3425 pleae),
273 3360 315 3406 ex
330 3338 445 3405 eadem
458 3337 592 3421 planitie
608 3337 698 3401 illum
722 3355 849 3419 quoque
871 3337 1054 3403 oollioulnm
1074 3339 1287 3421 prominuisse

40 3453 45 3494 ἓ
133 3444 273 3509 arbitror
287 3444 334 3507 ita
348 3441 490 3524 quidem,
512 3445 547 3504 ut
560 3458 618 3521 pro
634 3437 748 3504 dextro
764 3438 795 3504 h.
811 3457 838 3504 e.
855 3439 1058 3505 meridionali
1081 3440 1287 3524 hippodromi

44 3548 47 3558 '
133 3547 237 3610 latere
260 3549 353 3609 esset.
398 3542 516 3624 Quem,
539 3546 574 3605 ut
596 3545 666 3606 erat
688 3539 832 3623 humilis,
855 3547 929 3623 post
950 3548 998 3608 tot
1019 3543 1149 3608 saeoula
1169 3543 1286 3625 partim

135 3647 226 3713 rabie
242 3643 361 3728 Alphei
381 3645 469 3728 ripas
491 3643 588 3727 longe
609 3641 794 3709 inundantis
816 3662 978 3709 oorrosum
1001 3650 1033 3708 et
1055 3644 1197 3709 ablatum
1215 3663 1286 3726 par-

61 3775 63 3780 ·
135 3749 194 3813 tim
222 3745 367 3812 eiusdem
389 3745 511 3812 alluvie
537 3751 711 3828 aequatum
739 3750 795 3810 aut
822 3745 1086 3812 terraemotibus
1109 3747 1287 3829 oollapsum

167 3849 338 3858 —-—-—

224 3899 248 3961 l)
265 3895 349 3962 Spina
366 3909 382 3948 e
399 3895 583 3951 Romanorum
601 3896 769 3964 quorundam
787 3895 920 3949 circorum
943 3909 995 3949 usu
1013 3894 1049 3948 ad
1066 3894 1202 3949 sinistram
1220 3895 1287 3951 obli·

137 3985 220 4048 quala
237 3979 365 4050 oppidum
382 3985 459 4034 reeta
476 3981 585 4049 reglone
603 3981 722 4050 porticui
739 3994 788 4048 per
798 3985 882 4033 totam
900 3979 1070 4033 latitudinem
1088 3985 1215 4034 extensae
1233 3995 1289 4036 me·

73 4105 77 4128 ,
137 4065 196 4120 diae
208 4064 247 4119 ita
257 4066 447 4133 imposueram,
464 4071 495 4119 nt
507 4066 554 4121 ubl
565 4079 638 4121 nuno
651 4068 694 4120 est
710 4064 790 4120 litera
807 4064 836 4130 S,
853 4062 892 4118 ibi
907 4064 989 4118 litera
1006 4063 1029 4117 P
1048 4069 1120 4120 esset
1130 4068 1165 4132 (r.
1174 4065 1231 4121 tab.
1242 4065 1287 4131 ll).
