3096 4766
266 267 306 326 22
545 264 577 318 B.
604 263 655 317 DE
672 261 912 317 HIPPODROMO
931 261 1133 316 NONNIANO.

266 543 407 608 maxime
429 541 553 622 faveat,
576 547 684 605 tamen
706 559 769 604 non
791 537 918 621 dubito,
948 538 1025 620 quin
1046 543 1162 618 poetae
1184 537 1285 602 nostri
1307 537 1437 601 animo

267 664 394 711 suorum
417 649 596 723 temporum
613 660 681 705 mos
697 640 885 705 obversatus
902 639 953 721 sit,
977 658 1039 720 quo
1062 642 1259 720 spectatores
1281 638 1437 720 singulis

267 747 450 829 aurigarum
474 742 632 808 coloribus
655 742 801 806 solebant
829 740 949 806 farere.
993 739 1091 805 Ouius
1112 740 1160 804 rei
1182 739 1436 820 lepidissimum

268 848 367 913 babes
397 845 578 926 exemplum
604 844 637 906 in
667 841 776 908 Ovidii
805 842 976 907 Amoribus
1006 840 1065 915 (ΙΙΙ
1080 843 1121 918 2).
1172 840 1244 906 Huc
1272 848 1437 924 spectant

268 952 366 1015 etiam
380 968 433 1013 rr.
450 947 511 1008 418
524 964 583 1026 sq,
606 945 722 1025 quibus
736 945 864 1026 magica
885 942 1068 1025 superstitio
1091 943 1124 1007 in
1147 942 1274 1007 illorum
1297 949 1434 1026 tempo-

267 1071 338 1115 rum
361 1049 453 1115 circis
476 1046 667 1129 pervulgata
681 1047 831 1129 tangitur,
854 1052 887 1110 et
908 1064 940 1111 v.
957 1049 1030 1128 440,
1053 1043 1139 1127 quod
1158 1044 1295 1127 primum
1311 1064 1433 1110 exem-

267 1152 357 1234 plum
380 1156 443 1230 est,
467 1148 552 1229 quod
576 1148 691 1230 sciam,
717 1148 815 1212 moris
838 1148 871 1210 in
893 1147 1009 1212 nostris
1032 1147 1196 1212 curriculis
1219 1146 1433 1212 usitatissimi

268 1240 521 1329 t‘Totalisator')
544 1249 750 1330 sponsionum
772 1248 812 1312 de
835 1250 972 1314 victoria
993 1249 1222 1314 faciendarum.

354 1349 448 1429 Quod
477 1350 609 1432 aurigae
643 1349 818 1415 identidem
850 1371 922 1415 cum
955 1351 1168 1433 gubernatore
1197 1357 1432 1432 comparantur

158 1467 159 1470 ’
270 1459 312 1532 (v.
330 1456 407 1517 217:
430 1448 508 1515 ἕσσο
523 1447 700 1535 κυβερνήτῃ
717 1463 913 1530 πανομοῖος.
948 1455 1020 1516 207.
1037 1454 1109 1515 221.
1126 1456 1211 1536 310),
1226 1453 1260 1518 id
1276 1459 1430 1518 veterum

161 453 164 460 ’
266 458 362 523 quern
384 439 520 520 quisque
543 438 754 520 spectantium
776 437 892 501 ducem
913 436 946 500 in
971 436 1056 501 bello
1086 433 1200 517 babet,
1230 434 1259 499 ei
1283 434 1439 516 aurigae
1526 434 1527 439 ’

270 1553 517 1636 cogitationibus
539 1555 638 1617 multo
660 1555 839 1636 promptius
855 1561 923 1620 crat
945 1575 1041 1637 quam
1062 1555 1189 1638 nostris,
1213 1554 1288 1636 quia
1310 1573 1428 1620 eorum
1526 1631 1527 1654 ,

270 1656 407 1722 naribus
431 1654 495 1719 duo
518 1661 608 1720 crant
628 1655 858 1736 gubernacula:
882 1677 1015 1740 quorum
1037 1675 1110 1720 cum
1125 1656 1318 1738 gubernator
1341 1657 1428 1722 dex·

270 1765 353 1823 trum
368 1755 552 1838 reducebat,
575 1757 668 1822 navis
683 1757 726 1822 ad
742 1757 888 1823 dextram
904 1760 1085 1841 pellebatur
1108 1764 1143 1822 ut
1158 1776 1258 1839 equus
1280 1758 1429 1824 adducta

271 1859 386 1924 dextra
401 1858 537 1940 habena,
555 1858 731 1942 eademque
748 1867 857 1925 contra
872 1862 904 1925 in
919 1861 1081 1926 sinistram
1093 1861 1210 1924 valent.
1234 1858 1319 1936 Quid
1335 1863 1428 1942 quod

272 1961 399 2026 etiam
391 1981 424 2024 ιιι
446 1961 561 2026 nostris
585 1961 749 2027 curriculis
771 1961 878 2027 dicere
900 1963 1018 2027 solent:
1038 1954 1112 2026 das
1134 1961 1231 2026 Pferd
1253 1953 1396 2027 stcuern²
1408 1961 1427 2025 ‘r'

271 2062 338 2128 Sed
360 2063 456 2127 etiam
480 2081 520 2126 cx
543 2063 701 2127 contrario
717 2065 946 2145 gubernatores
962 2085 1033 2129 cum
1050 2064 1251 2146 equestribus
1266 2065 1426 2146 agonistis

273 2171 464 2248 componunt
465 2184 512 2245 ur,
534 2163 600 2227 ut
592 2185 624 2226 ru
639 2165 803 2246 Apollonii
819 2163 938 2229 Rhodii
954 2165 1128 2248 Argouaut
1120 2165 1178 2230 reis
1194 2165 1239 2230 IV
1256 2169 1425 2230 1604-10

272 2267 366 2332 Iason
388 2269 476 2347 Argo
499 2265 695 2346 gubernans:

358 2358 402 2440 ὦς
425 2355 495 2426 δ’(
483 2388 523 2428 οτ
556 2357 637 2451 ἀνὴρ
659 2362 784 2429 ddov‘
770 2388 878 2429 ιππον
901 2363 934 2442 ές
955 2359 1052 2451 εορέα
1073 2361 1230 2432 κύκλον’
1212 2370 1339 2452 σχοῖνος

359 2464 476 2550 στέλλῃ
501 2457 700 2548 ὀρεξάμενος
723 2467 840 2554 λασίης
863 2461 1027 2534 εὐπειθέα
1047 2473 1164 2556 χαίτης

362 2561 462 2648 εἶθαρ
486 2564 711 2651 ἐπιτροχάων·
735 2563 752 2632 ὁ
778 2561 809 2632 d'
836 2563 895 2634 ἐπ’
914 2564 1023 2653 αὐχένι
1045 2573 1165 2656 γαῦρος
1187 2564 1324 2653 ἀερθεὶς

288 2656 294 2670 ’
360 2667 508 2748 ἕσπεται,
532 2661 821 2753 οἰρχινόενταὸΗ
807 2695 865 2736 επι
889 2673 1092 2756 στομάτεσσι
1111 2672 1232 2756 χαλινὰ

360 2764 466 2856 ἀμφὶς
488 2763 704 2850 οὸακτάζοντι
726 2774 945 2864 παραβλήδην
971 2771 1177 2862 κροτέονται·

360 2869 405 2948 ὡς
428 2864 480 2956 ὅχ
508 2870 725 2956 ἐπισχόμενος
746 2876 918 2966 γλαφυρῆς
939 2874 1072 2966 ὁλκήιον
1091 2872 1230 2965 Ἀργοῦς

359 2966 413 3062 ἦγ’
440 2973 544 3041 αλαόε
569 2976 771 3063 προτέρωσε,

275 3077 361 3161 quod
377 3084 427 3142 est
414 3079 769 3145 tluculentissimum
741 3101 810 3146 erus
826 3082 969 3147 certandi
985 3085 1112 3164 generis
1131 3083 1323 3165 exemplum,
1339 3081 1424 3164 quod

274 3177 384 3264 κάλπη
407 3182 552 3263 appellat
552 3202 605 3246 um
627 3183 727 3246 multo
750 3191 824 3248 ante
847 3183 940 3247 huius
962 3190 1078 3263 poetae
1101 3191 1245 3266 tempora
1266 3204 1295 3248 a.
1314 3204 1343 3249 a.
1366 3182 1421 3249 ch.

275 3302 304 3346 n.
330 3279 496 3347 OOOOXL
519 3282 689 3366 Olympiae
710 3285 866 3349 abolitum
890 3290 938 3348 est
962 3285 1029 3362 (cfr.
1046 3285 1140 3350 Paua.
1158 3286 1184 3348 V
1200 3289 1230 3367 9,
1249 3289 1351 3365 1—2).

360 3384 432 3449 Nou
460 3404 590 3466 possum
618 3389 887 3468 praetermittere,
916 3386 993 3466 quin
1014 3385 1163 3450 Nonnum
1190 3381 1315 3469 peccati
1338 3408 1421 3453 coar-

275 3506 381 3569 guam.
425 3485 518 3551 Facit
546 3488 630 3550 enim
658 3507 710 3551 vv.
727 3492 789 3553 409
805 3507 874 3570 sqq.
903 3487 1070 3551 Phaunum
1097 3488 1138 3552 ab
1162 3487 1302 3572 Achate,
1332 3509 1421 3571 quem

276 3588 331 3653 ille
355 3588 523 3654 collisurus
546 3594 603 3670 est,
627 3587 804 3665 admoneri,
830 3598 864 3655 ut
885 3588 1081 3655 Actaeonem
1104 3596 1227 3674 caveat,
1250 3611 1291 3656 ne
1312 3593 1421 3657 iterum

275 3689 318 3753 ab
347 3707 386 3753 eo
414 3688 456 3754 de
485 3710 577 3755 curru
607 3691 639 3753 in
668 3691 834 3772 pulverem
863 3691 1029 3756 deiciatur.
1074 3691 1143 3756 Nec
1165 3711 1242 3756 vero
1264 3694 1419 3776 intellego,

278 3809 341 3872 quo
363 3791 433 3854 iure
456 3788 519 3856 hoc
540 3792 647 3873 faciat,
671 3793 832 3874 siquidem
854 3795 998 3858 Actaeon
1014 3791 1195 3886 Phaunum,
1215 3796 1305 3861 cuius
1328 3816 1418 3878 equos

276 3892 452 3976 prostravit
470 3893 534 3968 (vr.
551 3894 610 3956 351
625 3899 717 3978 sqq),
740 3896 805 3959 iarn
821 3893 942 3960 dudum
957 3901 1197 3977 praetervectus
1213 3899 1277 3972 (vv.
1294 3898 1418 3980 381qu

276 4015 346 4076 nec,
370 4014 442 4059 cum
464 3995 530 4059 iam
551 3996 728 4060 novissimo
750 3996 884 4061 circuitu
907 3997 1087 4066 decertetur
1109 3998 1151 4074 (v.
1169 3999 1257 4080 289),
1280 3997 1381 4066 denuo
1401 4021 1418 4064 a
