3088 4774
278 319 318 378 94
677 321 709 376 Β.
736 319 787 374 DE
804 320 1026 377 TARAXIPPO.

278 497 355 558 orat.
393 492 437 558 At
452 493 515 558 Dio
531 492 617 560 idem
637 499 771 560 testatur
786 494 807 558 l.
822 495 859 560 l.:
884 491 974 559 ἐ’στιν
992 485 1199 577 Ὀλυμπίασι
1220 490 1309 559 κατὰ
1333 497 1433 578 μέσον

277 590 337 657 τὸν
371 591 585 679 ἱππόδρομον
617 593 842 679 Ταραξίππου
870 593 1148 671 Ποσειδῶνος
1178 595 1314 680 βωμός,
1351 594 1434 661 ἐ’νθα

277 693 425 778 μάλιστα
448 699 620 779 συνέβαινε
641 694 718 773 τοδς
739 695 869 773 ἵππους
898 701 1086 763 πτοεῖσθαι
1110 699 1167 763 καὶ
1188 698 1340 764 πλεῖστα
1363 697 1435 763 δια-

278 802 490 885 φθείρεσθαι
518 801 584 865 τῶν
612 794 779 883 ἁρμάτων.
824 801 883 867 His
911 801 1019 869 verbis
1047 799 1128 865 nihil
1157 801 1246 866 aliud
1272 802 1436 868 evincitur

277 902 340 967 nisi
361 900 626 984 chrysostomum
655 902 769 968 eodem
798 923 905 969 errore
933 903 1062 968 ductum
1092 923 1163 970 esse
1189 911 1290 987 atque
1315 905 1436 969 Pausa·
1525 889 1527 938 ;

277 1004 375 1068 uiam.
412 1003 527 1086 Itaque
547 1006 609 1070 nisi
632 1006 714 1070 forte
737 1004 821 1071 hune
842 1006 929 1071 illius
947 1005 1170 1071 auctoritatem
1192 1013 1344 1072 secutum
1368 1024 1437 1071 esse

279 1105 455 1187 oredimus,
491 1105 553 1171 hoc
581 1113 667 1173 certe
696 1107 784 1173 credi
813 1113 936 1190 potest,
970 1108 1122 1189 quoniam
1151 1107 1247 1173 ambo
1276 1107 1436 1190 aequales

278 1207 346 1272 lere
368 1207 510 1288 fuerunt,
533 1208 661 1271 illorum
684 1212 790 1273 aetate
813 1210 904 1274 illam
926 1211 1110 1292 opinionem
1132 1209 1231 1275 luisse
1253 1211 1436 1294 vulgatam.

279 1309 371 1387 Quae
399 1329 476 1375 vero
499 1314 690 1391 sequuntur,
720 1311 766 1375 eis
789 1311 897 1376 verbis
918 1313 1015 1394 longe
1037 1312 1169 1395 propius
1195 1311 1238 1376 ad
1259 1313 1436 1378 veritatem

277 1411 406 1478 videtur
420 1411 610 1476 accessisse:
635 1406 745 1486 ἐ’δοξεν
761 1395 818 1474 οὖν
833 1424 905 1487 τοῖς
916 1403 1061 1490 Ἠλείοις
1081 1407 1127 1487 ὦς
1142 1411 1321 1494 δαιμονίου
1345 1407 1437 1485 τινδς

278 1507 374 1588 ὄντος
398 1503 604 1594 ἱδρύσασθαι
625 1510 749 1594 βωμόν.
787 1513 881 1591 Quod
897 1522 1003 1580 autem
1024 1516 1145 1600 pergit:
1168 1515 1223 1579 καὶ
1245 1513 1284 1580 τὸ
1310 1510 1436 1581 λοιπόν

279 1634 384 1699 φασιν
406 1603 469 1676 ἀπ’
495 1609 620 1678 ἐκείνου
642 1618 810 1698 γεγονέναι
832 1612 890 1680 τδν
916 1613 1024 1680 τόπον
1052 1608 1187 1703 ἀσφαλῆ
1194 1666 1203 1695 ,
1232 1624 1330 1685 caute
1355 1613 1436 1682 illud

279 1715 384 1800 φασὶν
406 1714 535 1798 adiecit,
559 1717 756 1801 quodquam
772 1719 912 1785 maxime
926 1719 1105 1802 urgendum
1123 1725 1185 1786 est:
1208 1719 1243 1785 id
1265 1721 1357 1785 enim
1381 1736 1434 1782 nn-

278 1820 373 1885 trices
396 1817 601 1884 crediderint.
644 1819 742 1887 Modo
764 1820 885 1887 idcirco
907 1826 1084 1887 memoratu
1106 1821 1238 1903 dignum
1261 1829 1322 1906 est,
1349 1816 1435 1904 quod

278 1942 299 1986 a
320 1921 510 2004 Periegetae
533 1923 691 1987 sententia
712 1921 835 2007 differt,
866 1923 986 2006 quippe
1009 1925 1063 2006 qui
1091 1924 1195 2006 ipsam
1218 1939 1310 1988 aram
1333 1924 1433 1988 fuisse

277 2023 528 2107 perturbationis
550 2044 681 2090 causam
710 2024 841 2090 credere
869 2024 1028 2090 videatur.
1074 2024 1139 2091 Sed
1163 2026 1329 2091 mittamus
1354 2023 1434 2088 haec

278 2125 427 2192 fabulosa
449 2132 481 2192 et
502 2125 545 2192 ad
567 2126 626 2191 illa
640 2126 768 2192 veriora
782 2126 960 2193 redeamus.
993 2127 1056 2193 Illa
1076 2128 1177 2194 verba
1191 2123 1432 2210 quodammodo

182 2300 186 2309 ¹
278 2229 320 2294 ab
343 2227 606 2295 antecedentibus
634 2227 833 2311 discrepant:
862 2249 936 2293 nam
966 2249 1037 2294 eum
1066 2235 1140 2296 aute
1167 2229 1318 2312 Neptuno
1344 2245 1432 2294 aram

279 2352 403 2398 sacram
418 2331 518 2396 fuisse
533 2349 590 2412 pro
607 2338 693 2395 certo
710 2330 837 2412 dixerit,
852 2331 918 2396 iam
933 2331 1039 2415 pergit
1054 2324 1100 2406 ὡς
1116 2328 1291 2413 δαιμονίου
1312 2325 1432 2401 τινὸς

278 2425 383 2508 ὄντος.
427 2433 478 2496 Ita
499 2434 596 2516 igitur
619 2451 685 2496 rem
708 2437 811 2495 ortam
834 2439 866 2497 et
886 2452 1090 2516 progressam
1114 2452 1185 2499 esse
1208 2435 1329 2515 cogito:
1362 2419 1431 2498 urei
1525 2455 1526 2458 ¹

279 2553 351 2598 cum
374 2532 489 2598 eodem
511 2552 637 2616 semper
659 2533 726 2597 fere
748 2532 820 2599 looo
841 2537 1114 2617 perturbationem
1137 2533 1207 2600 fieri
1228 2535 1431 2600 animadver·
1527 2591 1528 2608 ,

278 2636 391 2700 tisseut
412 2653 472 2699 neo
494 2655 604 2699 veram
628 2655 757 2701 causam
773 2637 1021 2719 perspexissent,
1044 2645 1079 2703 ut
1095 2643 1187 2703 erant
1206 2633 1430 2719 superstitiosi,
1525 2637 1526 2645 ³

278 2755 396 2801 novum
421 2737 580 2818 quendam
603 2737 794 2802 daemonem
817 2745 979 2804 auctorem
1002 2759 1073 2805 essa
1088 2738 1310 2821 opinabantur,
1334 2754 1430 2820 quem

279 2838 468 2921 simpliciter
495 2839 536 2905 de
565 2840 692 2906 actione
721 2841 943 2924 Taraxippum
970 2842 1224 2906 nominaverunt.
1273 2838 1370 2906 Hune
1398 2841 1430 2900 ut

279 2939 489 3008 sacrificando
525 2942 784 3012 reconciliarent,
822 2942 993 3008 rotundam
1029 2944 1061 3008 ei
1096 2961 1186 3007 aram
1223 2941 1432 3006 extruxemnt

279 3044 385 3120 (Paua.
401 3045 422 3108 l.
439 3044 477 3108 l.:
499 3043 555 3108 καί
577 3042 676 3109 τοῦδε
696 3038 825 3131 ἡνίοχοι
847 3039 941 3109 ἕνεκα
958 3047 1084 3119 θυσίας
1106 3039 1240 3120 θύουσι,
1262 3042 1319 3104 καὶ
1340 3041 1430 3125 γενέ·

280 3149 366 3210 σθαι
395 3150 513 3232 σφίσιν
541 3144 639 3211 ίλεων
673 3140 824 3226 εὔχονται
855 3141 915 3210 τὸν
946 3143 1192 3228 Ταράξιππον).
1244 3143 1325 3210 (lum
1353 3161 1429 3210 vero

279 3269 336 3315 ara
358 3249 391 3313 in
413 3248 485 3331 ipsa
506 3269 605 3314 arena
633 3255 780 3314 extructa
802 3253 960 3315 certantes
988 3247 1226 3331 impedivisset,
1256 3247 1288 3311 in
1311 3262 1429 3330 aggere

279 3350 434 3416 adversus
465 3357 582 3415 metam
611 3368 683 3414 eam
706 3350 1004 3431 accumulaverunt,
1031 3351 1087 3415 ubi
1108 3349 1246 3415 fortasse
1267 3348 1333 3413 iam
1355 3353 1429 3413 ante

280 3452 384 3518 exitus
406 3452 546 3534 patebat.
580 3450 687 3528 Quare
709 3469 814 3533 neque
836 3450 918 3518 forte
933 3451 1108 3532 antiquitus
1130 3450 1176 3516 ibi
1199 3449 1305 3515 stabat
1326 3467 1428 3533 neque

279 3573 420 3637 unquam
443 3571 542 3619 causa
564 3559 633 3617 erat
655 3552 1082 3628 consternationis¹lzimm0
1105 3550 1148 3616 ad
1164 3551 1370 3617 minuendam
1393 3569 1429 3616 au

280 3674 482 3700 ρ-ᾠ

366 3742 391 3806 1)
414 3736 496 3791 Falso
514 3735 595 3803 igitur
612 3735 805 3790 Lehndorffius
823 3753 849 3806 p.
863 3740 911 3790 ³5:
932 3727 1041 3800 ιΕἰυίςο
1058 3733 1224 3802 suppouiron
1241 3727 1311 3798 ilm’,
1334 3733 1428 3802 inquit,

275 3816 360 3878 ‘nach
383 3826 476 3889 strong
493 3822 646 3877 wdmlicher
663 3821 865 3888 Uebersetzung
888 3819 936 3873 des
954 3818 1104 3872 Pausanias
1125 3817 1175 3872 auf
1191 3817 1238 3872 der
1255 3820 1428 3874 Aussenseits

281 3910 329 3965 der
347 3909 436 3974 Bahn,
460 3908 550 3961 rechts
568 3906 639 3960 nahe
657 3919 700 3958 am
717 3907 854 3973 Ausgang.
890 3905 974 3958 Ware
992 3903 1079 3959 dieses
1099 3902 1208 3971 richtig,
1233 3918 1262 3959 so
1281 3907 1385 3959 musste
1401 3917 1428 3957 er

280 3993 366 4048 schoa
388 4009 436 4048 vor
453 3993 557 4059 Anlago
580 3991 626 4045 des
649 3990 815 4060 Hippodrom
839 3990 897 4044 sich
921 3988 984 4043 dort
1004 3988 1141 4044 belundeu
1162 3987 1264 4054 haben,
1289 3989 1360 4043 deun
1382 3989 1426 4042 ab·

281 4078 404 4134 sichtlich
429 4077 495 4132 wird
517 4091 581 4129 man
603 4075 673 4130 doch
696 4076 739 4130 ein
762 4089 792 4129 so
816 4074 867 4128 viel
885 4071 983 4129 Unheil
1003 4069 1143 4126 stilteudes
1167 4069 1266 4141 Object
1287 4074 1346 4128 sich
1369 4073 1428 4128 dort
