3088 4774
281 295 322 354 aa
547 269 554 279 “
682 296 713 350 n.
739 295 792 349 on
811 293 1031 350 rhammo.

279 469 375 535 nibus
398 473 456 553 est,
477 487 612 552 quarum
635 466 868 552 Aristophanes
890 467 1119 536 callidissimus
1141 469 1264 535 exstitit
1287 468 1437 533 inventor

280 578 312 637 et
340 569 474 653 artifex,
505 589 653 654 quaeque
680 590 746 637 non
772 570 951 653 adunam,
980 570 1039 636 sed
1061 570 1105 636 ad
1132 571 1241 653 plures
1262 589 1321 637 res
1345 569 1440 636 simul

279 674 384 739 solent
405 679 560 756 spectare.
597 672 633 738 Si
655 673 807 740 circensis
826 673 1030 756 Taraxippus
1051 692 1117 739 non
1139 671 1356 756 significatur,
1378 689 1439 736 non

278 775 387 858 video,
410 773 535 857 ecquod
557 775 634 841 insit
654 793 803 841 acumen:
826 775 875 840 sin
894 774 1100 859 significatur,
1124 773 1334 857 lepidissima
1357 793 1439 840 com-

277 877 444 961 paratione
471 876 551 942 mihi
578 875 710 961 quidem
731 875 860 943 videtur
881 896 901 942 a
923 878 1046 944 comico
1075 876 1140 942 dici
1163 876 1324 943 Olconem
1348 894 1439 940 accu-

277 980 403 1046 satione
426 976 641 1055 λειποταξίου
663 980 806 1062 equiturn
828 985 978 1046 catervae
1007 985 1161 1046 terrorem
1187 979 1337 1046 incutere
1361 984 1440 1042 tam

278 1101 374 1165 quam
397 1082 628 1165 Taraxippum.
662 1078 753 1159 Quae
776 1082 973 1163 comparatio
996 1100 1038 1148 ex
1060 1081 1262 1165 equestribus
1285 1079 1439 1148 certami-

276 1183 370 1250 nibus
397 1181 545 1250 adhibita
573 1202 612 1249 co
640 1183 754 1249 melius
783 1182 937 1266 quadrat,
965 1182 1117 1266 quotide
1142 1183 1306 1266 equitibus
1332 1199 1439 1248 sermo

277 1293 335 1352 est.
380 1284 531 1366 Accedit,
559 1284 647 1366 qnod
674 1283 755 1350 illud
784 1285 997 1367 compositum
1023 1280 1377 1369 ταραξιππόστροτος
1398 1282 1438 1347 ab

276 1386 492 1470 Aristophane
518 1385 598 1470 fingi
625 1407 689 1452 uon
718 1391 859 1469 poterat,
887 1385 951 1453 nisi
973 1386 1151 1470 Taraxippi
1179 1405 1300 1453 nomon
1324 1386 1438 1452 animo

277 1490 345 1555 eius
368 1491 572 1556 obversatum
595 1495 689 1573 esset,
711 1493 882 1571 propterea
904 1487 991 1571 quod
1009 1489 1220 1572 compositum
1236 1486 1437 1571 ἱππόστρο-

275 1611 334 1664 νος
355 1610 419 1656 non
442 1592 605 1657 exstabat:
627 1609 727 1674 quare
748 1610 814 1658 non
834 1582 1017 1674 ,ταράσσειν
1039 1596 1072 1657 et
1087 1587 1325 1673 ἱππόοτρονος
1350 1609 1437 1656 com·

275 1691 373 1774 positi
395 1698 469 1757 aunt
489 1700 607 1778 partes,
630 1713 741 1760 verum
764 1688 981 1772 τοράξινννοος
1003 1699 1036 1760 ct
1057 1688 1207 1779 οτράνος.
1242 1690 1372 1771 Quibus
1396 1711 1436 1758 ex

274 1793 371 1859 rebus
403 1794 480 1860 licet
512 1795 661 1862 concludi
694 1794 960 1878 Peloponnesiaci
998 1795 1076 1862 belli
1111 1801 1218 1862 aetate
1251 1793 1436 1878 Taraxippi

274 1915 391 1962 nomen
413 1896 478 1962 iam
500 1898 534 1962 in
556 1899 698 1963 omniurn
721 1916 777 1963 ore
799 1897 908 1963 fuisse.

362 1999 430 2066 Nec
455 2004 563 2065 umen
590 1999 679 2082 prius
707 2000 822 2064 iterum
850 2005 1116 2065 commemoratur
1144 2019 1241 2084 quam
1274 1999 1434 2068 ducentos

274 2102 342 2168 fere
363 2108 438 2185 post
458 2121 559 2168 annos
581 2101 873 2169 Alexandrinorum
895 2101 1091 2186 temporibus
1116 2121 1137 2167 a
1158 2101 1378 2186 Lycophrona
1400 2102 1432 2166 in

274 2204 461 2270 Alexandra
482 2208 524 2280 (v.
542 2208 608 2278 43J:

448 2353 579 2440 Κρόνου
602 2346 685 2441 παρ’
712 2351 816 2420 αἰπὺν
839 2348 954 2436 ὄχθον,
978 2354 1063 2422 ’ἔνθα
1084 2357 1238 2444 γηγενοῦς

447 2455 567 2521 ἵππων
588 2455 751 2543 ταρακτής
774 2455 865 2522 ἔστιν
882 2450 1022 2538 Ἰσχένου
1045 2455 1164 2544 τάφος.

274 2610 324 2674 Ex
345 2611 453 2692 priore
475 2628 570 2676 versu
585 2607 811 2693 Olympiacum
830 2611 1051 2694 Taraxippum
1073 2610 1195 2677 dictum
1217 2631 1290 2680 esse
1313 2616 1428 2682 elucet.
1525 2662 1526 2684 t

273 2712 362 2778 Cave
391 2717 499 2778 autem
521 2711 563 2777 de
585 2712 657 2778 loco
679 2711 858 2796 Taraxippi
887 2733 930 2778 ex
952 2712 1002 2779 his
1025 2713 1133 2780 verbis
1161 2714 1287 2798 aliquid
1310 2719 1428 2783 cestim
1525 2721 1527 2742 ⁴

273 2814 390 2879 elicere
419 2815 539 2897 cupias.
584 2814 668 2880 Nam
697 2810 783 2877 ἔνθα
812 2814 855 2881 ad
883 2815 986 2881 solum
1009 2807 1115 2894 ὄχθον
1136 2816 1257 2882 referre
1278 2825 1428 2885 vetamur
1525 2833 1526 2842 ¹

272 2915 433 2998 expressis
448 2916 630 2982 Pausaniae
643 2916 762 2999 verbis,
785 2917 841 2999 qui
862 2916 896 2984 in
917 2937 1037 3001 aggere
1056 2937 1146 2984 aram
1167 2920 1315 3002 sepulcro
1339 2923 1426 2988 simi·

272 3019 336 3084 lem
359 3019 497 3102 positam
519 3018 618 3085 fuisse
640 3023 782 3086 testatur.
816 3019 924 3085 Verba
938 3016 1070 3104 Κρόνου
1089 3011 1173 3105 παρ’
1192 3017 1296 3087 circio
1319 3015 1427 3104 ὄχθον

272 3120 356 3186 nihil
376 3120 467 3187 aliud
489 3119 671 3205 significant
692 3121 755 3186 nisi
778 3122 905 3187 omnino
929 3121 1123 3207 Olympiam.

358 3222 472 3306 Neque
504 3224 657 3289 intererat
687 3222 911 3306 Lycophronis
945 3231 1066 3292 certum
1098 3225 1285 3309 Taraxippo
1319 3229 1425 3294 locum

270 3326 447 3407 assignare,
471 3324 545 3405 sed,
568 3331 603 3389 ut
625 3325 722 3407 solet,
745 3326 927 3392 ostentandi
948 3347 988 3394 ac
1013 3327 1179 3394 doctrinae
1202 3347 1300 3395 causa
1321 3349 1425 3397 remo·

270 3426 428 3492 tissimum
442 3426 584 3491 fabulam
598 3445 753 3510 promere.
791 3426 862 3493 Hoc
877 3433 926 3494 est
938 3429 1077 3510 primum
1092 3435 1125 3495 et
1138 3449 1236 3495 unum
1257 3450 1287 3496 a.
1304 3430 1378 3498 Ohr.
1394 3454 1425 3499 n.

270 3515 488 3595 testimonium
516 3528 597 3593 nihil
625 3527 716 3594 dubii
748 3530 948 3612 relinquens,
983 3548 1045 3612 quo
1076 3530 1219 3598 fabulam
1246 3533 1425 3618 Taraxippi
1523 3539 1524 3590 Ψ

268 3628 369 3696 fuisse
397 3628 560 3696 discimus.
604 3629 758 3696 Proxima
785 3651 850 3697 non
877 3636 953 3696 ante
973 3631 1175 3713 reperiuntur
1201 3654 1297 3717 quam
1317 3635 1425 3720 Impe-

268 3738 410 3798 ratorum
435 3732 652 3799 Romanorum
678 3738 786 3799 aetate
815 3734 945 3799 ineunte
972 3732 1074 3798 altero
1102 3752 1133 3816 p.
1158 3733 1215 3800 ch.
1238 3757 1269 3801 n.
1293 3738 1423 3804 saeculo

269 3834 356 3916 apud
373 3835 511 3900 Dionem
527 3832 789 3917 Ohrysostomum
812 3835 846 3899 in
868 3835 1013 3899 oratione
1028 3833 1167 3900 XXXII.
1191 3838 1233 3920 (p.
1251 3840 1311 3902 691
1329 3840 1369 3913 R)
1392 3844 1423 3906 et
1522 3905 1523 3910 ,

268 3934 355 4017 apnd
370 3935 564 4002 Pausaniam
588 3935 724 4002 diversis
746 3936 836 4020 locis,
860 3954 940 4017 quos
961 3935 1132 4017 postmodo
1150 3936 1309 4005 afferendi
1330 3960 1421 4006 occa·

268 4037 392 4103 sionem
415 4038 591 4104 nanciscar.
636 4036 824 4119 singulares
853 4035 1013 4120 quaedam
1042 4039 1235 4123 mentiones,
1265 4041 1420 4125 imprimis
