3088 4774
547 263 579 317 n.
605 263 656 316 on
675 262 895 318 annumero.
1254 266 1293 326 87

139 434 313 500 collocatio
336 456 357 500 a
379 435 508 502 disertis
524 436 687 519 scriptoris
703 437 811 503 verbis
826 438 950 504 absona
973 443 1036 502 est:
1059 434 1118 502 inl
1139 440 1199 525 τῆς
1219 445 1294 522 μεί-

140 531 235 612 ζονος
257 535 419 618 πλευρᾶς,
450 530 549 622 οὔσης
568 533 732 618 χώματος.
779 538 904 605 Deinde
930 541 1142 621 neglexerunt
1163 541 1294 607 interio-

137 658 209 703 rem
237 643 356 704 metam
384 638 470 704 idem
500 644 597 720 atque
627 641 818 706 exteriorem
845 640 1022 723 periculum
1045 638 1293 707 circumflecten-

138 741 227 805 tibus
257 739 385 804 minari:
415 760 492 823 ergo
521 741 566 806 ibi
595 760 721 824 quoque
748 742 968 825 Taraxippum
998 761 1107 806 eorum
1135 745 1302 808 sententia*

138 841 336 924 postulari.¹)
366 840 460 918 Quod
476 841 538 909 hoc
552 844 705 924 iecerunt,
722 843 837 909 eadem
852 862 917 926 qna
927 843 1074 926 plerique
1088 846 1294 929 neglegentia

138 943 384 1008 laboraverunt:
400 944 504 1009 solent
519 946 604 1010 enirn
620 944 770 1010 oblivisci
781 965 846 1011 non
859 945 1050 1011 exteriorem
1061 945 1167 1027 modo,
1183 965 1295 1012 verum

140 1044 326 1110 interiorem
349 1044 447 1109 etiam
469 1053 590 1112 metam
611 1048 721 1129 fuisse,
744 1065 827 1128 quae
850 1047 891 1113 ab
907 1047 964 1111 illa
984 1047 1074 1113 nulla
1088 1048 1120 1112 in
1135 1067 1170 1112 re
1186 1047 1294 1114 differ-

139 1152 200 1211 ret.
245 1145 369 1211 Eodem
391 1147 524 1214 crimine
545 1167 587 1214 ne
608 1147 827 1213 Hermannum
850 1148 979 1230 quidem
999 1149 1095 1230 plane
1116 1149 1294 1231 absolvam,

141 1248 198 1330 qui
219 1266 251 1330 p.
269 1251 308 1312 13
331 1247 436 1313 Hirtio
458 1250 615 1332 castigato
638 1250 859 1333 Taraxippum
881 1249 926 1314 ibi
949 1250 1015 1316 fere
1039 1252 1215 1333 constituit,
1238 1251 1295 1316 ubi

140 1369 220 1432 ego,
244 1349 307 1415 nisi
330 1349 415 1431 quod
438 1351 470 1415 in
494 1351 609 1418 dextro
631 1353 733 1417 latere
756 1370 827 1416 eum
850 1353 966 1433 posuit.
1011 1352 1067 1417 Ait
1088 1354 1174 1418 enim
1196 1353 1293 1419 haec:

136 1444 215 1516 ‘Illa
237 1471 391 1534 equorum
413 1444 637 1536 perturbatio',
661 1453 773 1536 inquit,
793 1445 904 1534 ‘quarn
931 1459 963 1517 et
985 1451 1156 1537 Olympiae
1179 1461 1211 1520 et
1232 1455 1295 1539 Py·

140 1553 240 1619 thone
268 1560 301 1622 et
328 1555 362 1618 in
382 1553 505 1620 Isthmo
534 1562 566 1620 et
588 1555 732 1621 Nemeae
755 1554 960 1637 Taraxippo,
989 1562 1152 1638 tamquam
1180 1557 1295 1623 infesto

140 1656 270 1723 cuidam
286 1658 392 1740 genio,
415 1665 559 1722 veterum
574 1657 758 1739 superstitio
773 1654 944 1738 tribuebat,
963 1657 996 1720 in
1011 1658 1092 1724 locis
1108 1660 1178 1725 istis
1193 1659 1295 1723 omni·

139 1759 201 1824 bns
230 1760 341 1841 paullo
369 1765 444 1825 ante
472 1759 650 1824 anfractum
676 1759 720 1824 ad
746 1757 951 1823 remotiorem
980 1764 1100 1824 metam
1122 1759 1295 1825 oriebatur.
1379 1845 1381 1850 Ι

140 1860 226 1925 Nam
249 1880 346 1944 quum
370 1861 497 1925 omnino
520 1861 694 1926 alacriores
716 1858 796 1924 finnt
813 1859 1052 1940 ferocioresque
1075 1862 1159 1944 equi,
1181 1861 1237 1926 ubi
1261 1881 1295 1926 se

141 1982 184 2027 ex
205 1969 293 2028 recto
315 1981 425 2043 cursu,
454 1963 644 2044 praesertim
667 1962 857 2028 brevissimo
885 1958 990 2042 flexu,
1018 1967 1233 2026 retroactum
1256 1962 1296 2026 iri

140 2065 374 2148 praesentiunt,
404 2064 481 2146 qnia
508 2070 540 2128 et
566 2064 685 2147 pedum
714 2063 846 2129 fortiore
874 2063 947 2128 nisu
976 2068 1008 2128 et
1033 2063 1131 2127 totins
1154 2062 1296 2144 corporis

141 2166 284 2249 quadam
306 2167 398 2249 qnasi
421 2165 669 2248 conglobatione
693 2184 772 2248 opus
795 2171 859 2247 est,
888 2169 955 2229 tum
979 2165 1078 2229 multo
1101 2165 1204 2247 magis
1227 2183 1295 2229 sae-

141 2269 211 2334 vire
233 2268 408 2350 incipiunt,
432 2286 530 2349 quum
553 2268 732 2350 coniugatis
754 2266 875 2332 sinistri
897 2263 1101 2346 cohibentur,
1125 2264 1297 2330 incitantur

141 2377 250 2435 autem
273 2369 392 2434 dextri:
417 2389 481 2452 quo
505 2375 536 2435 et
557 2369 723 2452 regiminis
746 2375 778 2435 et
798 2387 949 2434 cursuras
964 2364 1110 2448 dissidio,
1134 2365 1211 2431 dum
1233 2366 1296 2449 ipsi

142 2491 177 2538 se
200 2472 295 2538 simul
318 2478 350 2536 et
370 2478 486 2555 urgent
507 2477 539 2536 et
561 2471 755 2555 impediunt,
777 2470 847 2536 fieri
868 2489 933 2535 non
954 2472 1075 2552 potest,
1099 2469 1176 2550 quin
1198 2467 1296 2533 vehe-

142 2579 266 2638 menter
288 2572 516 2638 conturbentur
537 2574 756 2657 facillimeque
778 2591 887 2638 cnrrus
911 2570 1121 2652 confringant.
1159 2570 1209 2635 lix
1233 2589 1296 2652 quo

142 2680 286 2757 apparet,
310 2693 349 2739 eo
371 2674 444 2738 loco
467 2676 687 2758 Taraxippnm
709 2676 751 2741 ab
767 2674 873 2739 Hirtio
897 2675 968 2739 esse
991 2673 1208 2754 constitutum,
1231 2692 1296 2756 quo

142 2778 208 2841 iarn
237 2781 389 2859 superata
416 2782 503 2841 meta
530 2776 648 2842 desinit
675 2778 782 2859 potius
812 2776 868 2840 illa
897 2775 1033 2841 irritatio
1064 2780 1096 2840 et
1122 2772 1297 2858 fluctuatio,

142 2899 239 2962 quam
261 2884 297 2942 ut
317 2878 364 2942 ibi
387 2877 512 2942 initium
535 2897 650 2961 capere
664 2880 775 2961 possit.
813 2877 877 2942 Hic
899 2876 1030 2958 quidem
1046 2894 1135 2940 error
1148 2877 1297 2958 proprius

142 2988 192 3047 est
213 2979 320 3061 Hirtii,
343 2980 462 3046 vitatus
485 2999 581 3062 quum
605 2981 647 3045 ab
670 2980 753 3062 aliis,
776 2985 843 3044 tum
865 2978 908 3043 ab
930 2975 968 3043 O.
991 2968 1173 3043 Muellero'.
1211 2977 1297 3042 Illud

142 3084 348 3167 praesagium
370 3083 499 3147 tametsi
522 3101 676 3164 equorum
698 3087 870 3146 tremorem
893 3099 932 3145 ac
953 3079 1226 3162 perturbationem
1241 3098 1297 3143 an-

143 3206 221 3269 gere
242 3191 383 3268 poterat,
412 3191 519 3250 tamen
543 3184 613 3251 sola
635 3183 704 3248 eius
727 3201 826 3247 causa
846 3186 1018 3264 propterea
1041 3200 1111 3247 esse
1133 3180 1297 3263 nequibat,

143 3287 230 3371 quod
254 3279 340 3352 idern
365 3286 455 3369 equis
479 3287 596 3352 circum
620 3285 805 3350 interiorem
826 3289 945 3349 metam
965 3280 1096 3348 flexuris
1118 3280 1296 3348 accidebat.

227 3390 322 3455 Nunc
344 3389 497 3472 quoniam
519 3407 649 3453 oausam
671 3386 704 3451 in
725 3386 798 3468 ipsa
819 3386 915 3451 totius
944 3383 1149 3468 hippodromi
1172 3382 1297 3447 institu-

143 3493 232 3558 tione
260 3491 423 3557 conditam
452 3508 614 3573 exponere
644 3493 776 3553 conatus
806 3507 892 3569 sum,
920 3506 985 3569 qna
1007 3485 1158 3552 commoti
1180 3483 1298 3548 Graeci

145 3592 323 3676 Taraxippi
352 3592 535 3675 opinionem
565 3590 766 3671 habuissent,
797 3590 866 3654 eius
895 3588 1056 3670 opinionis
1085 3594 1117 3651 et
1140 3585 1297 3668 originem

145 3701 177 3760 et
197 3694 455 3778 progressionem
476 3693 566 3759 lubet
586 3691 738 3776 persequi
760 3690 802 3756 ad
819 3688 1042 3774 Olympiacam
1059 3705 1214 3769 equorum
1236 3692 1297 3752 ter·

144 3816 248 3862 rorem
270 3802 432 3880 postremo
454 3795 606 3862 redituro.

233 3951 257 4012 l)
275 3945 339 4000 Non
355 3950 463 4001 nostra:
482 3962 546 4000 nam
557 3958 687 4013 equorum
698 3941 855 3996 interiorem
871 3941 970 3993 metam
985 3937 1170 3994 ambauntium
1187 3936 1299 3992 umbrae

145 4036 208 4100 post
224 4046 271 4086 eos
289 4035 375 4086 erant.
