3096 4766
418 363 424 380 ι
478 294 512 359 Δ.
540 304 589 358 DE
607 303 846 360 HIPPODROMO
864 300 1064 360 HOMERIGO.
1326 309 1344 366 9

199 477 388 546 exteriorem
417 484 552 560 metam,
582 476 740 558 siquidem
769 477 813 544 ad
842 478 1034 545 vocabulum
1063 481 1152 563 σῆμα
1180 480 1213 545 in
1237 501 1267 546 v.
1283 484 1342 546 331

198 579 383 648 referendus
411 585 474 648 est:
504 573 559 644 ‘Et
587 580 648 646 hoe
676 579 802 663 signum
829 602 913 648 nunc
943 602 1001 666 pro
1030 585 1122 662 meta}
1142 600 1214 648 esse
1243 581 1345 648 voluit

198 673 369 750 Achilles'.
427 681 574 763 Namque
607 682 794 750 Homericus
827 683 1057 769 hippodromus
1089 685 1189 750 semel
1221 688 1344 750 tantum

197 784 407 871 percurritur,
436 783 615 866 quodcum
638 804 680 851 ex
701 785 775 850 aliis
796 787 894 854 totius
917 786 1138 872 descriptionis
1158 787 1255 854 rebus
1278 795 1344 853 tum

199 908 217 954 e
239 893 453 972 spectatorum
466 875 635 970 'colloquio
657 895 792 972 apparet
814 907 844 954 v.
860 892 923 954 448
934 908 1004 971 sqq.
1043 888 1151 955 Verba
1172 887 1256 954 enim
1279 885 1344 952 πό-

197 1013 303 1074 ματος
324 987 447 1073 δρόμος
461 989 494 1054 in
509 1009 539 1055 v.
557 993 618 1054 373
634 996 811 1056 extremum
827 990 965 1075 spatium
980 990 1129 1058 sinistrae
1151 989 1224 1057 viae
1247 991 1344 1076 signi-

197 1091 294 1158 ficant
304 1090 328 1175 ¹)
343 1090 413 1174 (eir.
430 1112 460 1158 v.
477 1095 538 1157 768
554 1091 668 1158 eadem
684 1093 783 1159 verba
797 1091 840 1160 de
854 1091 991 1176 simplici
1004 1092 1109 1160 stadio
1125 1091 1221 1158 diota.
1249 1092 1344 1177 Verg.

194 1195 274 1260 den.
291 1193 319 1258 V
334 1193 421 1276 327).
465 1191 535 1271 Quo
563 1213 641 1262 vero
670 1194 772 1262 minor
801 1202 870 1262 erat
891 1194 1089 1260 anfractuum
1111 1214 1277 1279 numerus,
1306 1216 1344 1261 eo

197 1297 298 1362 maior
320 1295 431 1362 debuit
446 1316 516 1364 esse
539 1297 635 1364 totius
649 1296 853 1383 hippodromi
874 1297 1050 1381 longitudo,
1071 1301 1106 1363 ut
1128 1297 1203 1381 equi
1217 1305 1344 1380 praeter

195 1398 390 1466 celeritatem
406 1398 503 1466 etiam
524 1398 687 1466 assiduum
703 1400 847 1466 lahorem
862 1404 1071 1483 praestarent.
1104 1397 1211 1477 Quare
1225 1401 1344 1465 lactum

196 1510 253 1586 est,
276 1509 311 1568 ut
326 1507 484 1569 certantes
499 1501 585 1568 viam
601 1522 701 1587 prope
716 1507 834 1568 metam
856 1501 967 1587 procul
981 1507 1136 1568 remotam
1155 1510 1344 1586 peragentes

195 1624 213 1671 e
235 1609 449 1688 spectatorum
465 1611 635 1690 conspectu
651 1610 879 1672 evanescerent
902 1602 946 1686 (v.
963 1607 1038 1670 358:
1061 1601 1186 1690 σήμηνε
1208 1602 1244 1668 δὲ
1267 1605 1343 1687 τέρ-

194 1700 277 1790 ματ’
299 1699 470 1787 Ἀχιλλεός
490 1706 495 1788 Ι
514 1705 659 1792 τήλοθεν
682 1704 716 1771 έν
739 1707 818 1792 λείῳ
840 1704 960 1790 πεδίῳ.
984 1710 1055 1773 450.
1079 1704 1279 1789 458sqq.)²).

122 1825 126 1836 “
279 1807 372 1887 Quod
402 1815 526 1876 veteres
554 1809 641 1875 viam
671 1808 873 1893 hippodromi
900 1807 1157 1892 duplicaverunt,
1185 1807 1343 1892 triplicem

194 1911 289 1977 video
317 1910 482 1977 rationem.
527 1909 667 1975 Primum
700 1911 775 1976 talis
803 1909 1034 1995 hippodromus
1067 1911 1171 1976 minus
1204 1910 1342 1994 spatium

194 2013 378 2099 postulabat
395 2017 503 2094 'quam
525 2012 679 2095 simplex,
709 2013 859 2093 quoniam
881 2013 950 2079 sine
976 2031 1066 2078 more
1093 2014 1176 2078 ultro
1199 2010 1342 2093 citroque

193 2116 335 2200 percurri
357 2121 492 2198 poterat.
535 2112 663 2180 Deinde
684 2114 730 2180 ita
752 2113 868 2196 fiebat,
888 2120 924 2180 ut
944 2118 1141 2199 spectatores
1164 2119 1197 2179 et
1217 2112 1342 2179 initium

194 2225 226 2284 et
246 2216 342 2282 finem
365 2215 547 2282 certaminis
562 2235 664 2298 aeque
686 2222 817 2300 possent
839 2216 1016 2301 conspicari
1030 2235 1134 2300 neque
1156 2216 1261 2281 locum
1275 2235 1341 2280 mu-

193 2327 262 2384 tare
290 2319 451 2385 deberent.
507 2319 590 2384 Tum
618 2323 749 2403 propter
782 2325 886 2386 artum
915 2319 1001 2385 circa
1031 2325 1150 2385 metam
1178 2317 1343 2384 circuitum

193 2441 302 2505 equos,
325 2421 488 2487 sinistrum
508 2419 725 2505 potissimum,
753 2422 836 2488 bene
858 2421 1020 2488 institutos
1042 2427 1075 2487 et
1097 2419 1342 2488 condocefaotos

193 2543 264 2591 esse
285 2542 416 2590 necesse
438 2529 508 2589 erat
518 2523 553 2604 ³).
590 2525 676 2590 Nam
697 2523 793 2590 rudes
815 2529 847 2590 et
868 2522 1031 2590 intractati
1049 2523 1103 2590 vel
1124 2522 1219 2588 nimis
1241 2522 1342 2609 impe·

192 2627 275 2693 tuosi
297 2624 468 2710 (έκδρομοι
489 2623 595 2691 ίπποι
616 2626 732 2691 Ρολλιιιι
747 2626 794 2690 Ill
811 2625 886 2709 148)
907 2631 1035 2722 praeter
1056 2631 1175 2692 metam
1196 2626 1341 2693 fereban-

191 2736 242 2796 tur
264 2728 393 2812 atque
384 2749 418 2794 ιιι
441 2728 600 2814 spatiosos
622 2727 715 2794 orbes
746 2729 944 2796 exerrabant.
989 2729 1060 2797 Hoc
1080 2728 1169 2815 apud
1190 2728 1341 2808 Quintum

192 2831 403 2917 Smyrnaeum
419 2831 477 2912 (IV
493 2834 555 2897 563
565 2827 651 2915 sqq)
674 2831 880 2954 Stheneleum
903 2851 974 2898 cum
996 2832 1096 2899 nobili
1117 2852 1175 2898 suo
1191 2832 1248 2898 sed
1270 2830 1341 2897 rudi

191 2954 274 3017 equo
296 2934 364 3018 pati
386 2933 537 3018 legimns:

276 3057 332 3118 καί
354 3049 391 3118 νύ
413 3076 468 3117 κεν
491 3050 679 3136 ἐσσυμένως
701 3049 737 3129 ἐξ
751 3045 890 3136 Ἄργεος
913 3051 1028 3129 αἰόλος
1049 3051 1158 3129 ἵππος

276 3161 405 3242 νίκησεν
427 3152 519 3238 μάλα
541 3151 667 3219 πολλόν
690 3152 889 3241 έφεζομένου
911 3155 1103 3234 Σθενέλοιο,

276 3254 371 3344 εἰμὴ
397 3249 452 3339 ἄρ’
479 3254 683 3341 ἐξήρπαξε
706 3253 874 3342 δρόμου,
897 3254 1073 3323 πεδίονδ’
1098 3249 1240 3344 ἀφίκανε

279 3488 302 3550 1)
319 3482 410 3538 fichol.
429 3479 531 3534 Townl.
550 3483 612 3534 ³51:
638 3479 666 3536 εἰ
687 3479 717 3536 δὲ
734 3478 809 3550 λέγει
829 3471 910 3541 „dtt’
928 3470 979 3537 ότι
996 3475 1027 3551 δὴ
1046 3475 1192 3548 πύματονΙι
1212 3483 1271 3535 τιόν
1288 3475 1338 3536 δύο

191 3564 245 3626 τὸν
261 3562 384 3640 ἔσχατόν
400 3583 491 3638 φησιν.

277 3656 301 3710 nt
320 3652 409 3707 Schol
429 3653 497 3707 Ven.
515 3651 621 3706 Boos:
645 3640 680 3722 ἧν
702 3644 766 3707 δὲό
793 3645 901 3721 δρόμος
920 3644 954 3707 οὐ
972 3643 1094 3722 δόλιχος.
1129 3646 1291 3718 κάμπτουσι
1308 3653 1338 3711 δὲ

192 3733 326 3840 ὀλιχάκμς
361 3733 415 3794 doec
433 3738 463 3794 δὲ
480 3733 618 3801 πολλάκις
635 3730 707 3792 εἶναι
731 3731 785 3792 τὸν
806 3737 969 3807 καμπτῆρα.
1005 3739 1117 3802 δίαυλος
1140 3727 1192 3793 οὖν
1208 3733 1269 3793 ἐστὶ
1285 3759 1338 3807 μα

190 3819 349 3895 replicatos·
368 3819 410 3879 διὸ
429 3826 478 3879 καὶ
495 3816 606 3886 σκοπὸς
623 3817 746 3892 κάθηται
766 3825 867 3887 Φοῖνιξ
882 3824 930 3876 καὶ
946 3823 1076 3920 σημαίνει
1093 3816 1129 3878 τὸ
1148 3822 1238 3894 τέρμα
1256 3820 1337 3895 τηλό-

190 3917 258 3977 θεν,
281 3929 318 3981 μη
340 3904 403 3974 πιός
419 3928 461 3972 τις
477 3902 561 3973 έντὸς
578 3911 630 3962 τοῦ
646 3910 815 3978 καμπτῆρος
836 3900 949 3977 κάμψῃ·
973 3895 1053 3972 duas
1072 3901 1128 3978 γὰρ
1147 3902 1274 3977 ὁρῶνται
1264 3907 1337 3967 ιέπὶ

190 3999 243 4054 τοῦ
261 3995 393 4066 αίγιαλσυ
408 3996 457 4049 καί
474 3983 600 4058 linaei
568 3995 762 4062 φιλονεικοῦσι
779 3994 845 4064 περὶ
863 3985 967 4048 αυτιόν.

275 4085 300 4148 3)
318 4078 374 4136 Gir.
393 4077 594 4133 Friedlaenderi
610 4076 740 4132 historiae
757 4091 862 4130 morum
879 4075 1063 4132 Romanorum
1080 4078 1132 4132 vol.
1145 4079 1180 4135 Π.
1199 4098 1226 4151 p.
1237 4083 1287 4136 295
1293 4097 1333 4150 sq.
