3096 4766
340 329 370 384 0.
398 329 448 384 Du
466 329 592 399 QUINTI
610 328 801 388 SMYRNAEI
819 329 1068 385 HIPPODROMO.
1236 327 1274 387 27

120 524 160 570 15
184 505 313 587 5555155
336 523 435 586 equos
458 504 631 586 circumagi
654 503 908 570 concludendum
928 508 984 570 est.
1022 504 1121 585 Atqui
1137 504 1192 568 ubi
1208 522 1276 568 sae·

121 608 199 690 pius
227 626 324 689 qnam
357 606 457 672 semel
485 607 726 688 circumagitur,
760 605 807 670 ihi
834 605 959 671 duabus
988 607 1082 672 metis
1111 624 1191 687 opus
1219 612 1276 671 est.

120 709 213 774 Num
236 708 332 773 etiam
355 708 499 773 curribus
522 713 679 774 certantes
700 708 809 790 plures
825 707 975 773 circuitus
991 708 1194 790 confecerint,
1218 707 1278 771 5151

121 815 258 893 5155151
280 828 428 892 magnam
450 815 574 892 55511.
598 812 660 872 524
690 811 838 875 lacunam
861 829 903 874 ex
925 809 1004 892 ipsis
1032 808 1278 896 poetaelverbis

123 913 193 975 iam
216 911 290 978 elici
312 930 374 975 nen
395 917 510 993 potest,
534 917 640 976 tamen
655 930 713 994 pro
730 918 816 977 certo
831 916 904 993 stat,
927 912 1004 993 quia
1018 912 1081 978 nisi
1095 912 1142 976 ita
1157 912 1279 991 fuisset,

124 1013 295 1078 certamini
323 1013 416 1077 alteri
443 1013 544 1078 altero
567 1013 724 1077 curriculo
747 1032 826 1094 opus
849 1012 962 1079 fuisset
984 1013 1051 1090 (cir.
1067 1033 1098 1095 p.
1116 1015 1162 1093 9),
1193 1011 1280 1093 quod

124 1115 272 1197 alioquin
299 1115 478 1179 inauditum
505 1120 561 1180 est.
606 1113 805 1179 Adverhium
834 1111 979 1199 ἑτέρωθι
1007 1116 1040 1180 in
1070 1136 1100 1180 1.
1125 1118 1187 1178 545
1216 1134 1279 1178 non

125 1209 264 1281 alterum
280 1214 536 1298 hippodromum,
560 1215 618 1282 sed
634 1217 768 1281 alterum
784 1216 929 1282 eiusdem
944 1236 1062 1282 arenae
1076 1217 1160 1282 latus
1182 1217 1280 1299 signi·

125 1316 203 1382 ficat
225 1317 339 1394 (5111.
356 1320 440 1396 215).
480 1317 559 1384 (lum
584 1319 668 1384 enim
690 1319 821 1400 aurigae
843 1319 877 1384 in
900 1320 1028 1385 sinistra
1049 1338 1167 1384 arenae
1189 1325 1280 1402 parte

125 1420 373 1503 decertaverint,
396 1421 460 1485 iam
485 1420 609 1503 equites
631 1421 665 1485 in
687 1421 803 1487 dextra
824 1421 867 1486 ad
890 1441 1016 1486 cursum
1040 1441 1074 1487 se
1097 1422 1278 1502 accingunt.

125 1521 268 1588 Proinde
291 1522 325 1587 in
347 1523 557 1588 contractiore
572 1521 795 1606 hippodromo,
820 1524 875 1607 qui
898 1525 999 1590 oculis
1021 1525 1185 1588 terminari
1207 1542 1279 1605 pos·

126 1620 180 1708 sit,
202 1625 259 1689 ille
283 1620 410 1698 σκοπὸς
433 1624 514 1704 dest,
538 1625 592 1707 qui
616 1633 648 1690 et
669 1626 756 1707 apud
778 1625 954 1691 Homerum
975 1631 1007 1690 et
1030 1625 1116 1708 apud
1131 1625 1280 1689 Nonnum

127 1728 242 1808 (5.19)
264 1725 307 1792 ad
322 1734 442 1791 metam
465 1728 657 1791 exteriorem
680 1727 923 1793 custodiendam
940 1729 1116 1809 delegatur.
1155 1726 1280 1792 Omitti-

126 1833 180 1890 tur
203 1827 314 1908 etiam,
345 1833 379 1891 ut
402 1827 436 1892 id
459 1846 586 1909 quoque
608 1828 650 1892 ab
674 1828 813 1894 Homero
843 1837 875 1894 et
896 1829 1011 1894 Nonne
1041 1829 1205 1894 dissonum
1229 1827 1282 1893 hic

128 1944 294 2009 moneam,
324 1928 379 2010 qui
401 1929 456 1992 uni
480 1947 497 1993 e
520 1928 715 1993 certantibus
737 1929 778 1994 de
804 1930 974 2011 aurigandi
996 1935 1065 1994 arte
1086 1931 1281 2012 praecipiat:

131 2027 193 2093 hoe
215 2029 384 2109 quominus
407 2031 541 2094 lacunae
559 2029 683 2114 demus,
705 2028 913 2113 prohibemur
934 2031 1080 2096 versibus
1103 2033 1134 2095 51
1155 2037 1282 2096 antece-

131 2129 281 2195 dentibus
298 2132 525 2216 (11.506-9),
541 2133 657 2215 quibus
674 2133 739 2197 iam
753 2134 946 2215 principium
961 2152 1070 2198 551555
1083 2133 1282 2198 describitur.

217 2228 283 2296 Sed
298 2251 382 2298 nune
396 2233 574 2316 videamus,
596 2235 713 2317 ecquid
729 2253 770 2300 ex
785 2235 930 2317 reliqniis
945 2234 1098 2315 colligere
1113 2235 1283 2316 pessimus,

133 2352 196 2415 quo
219 2334 276 2398 illa
298 2335 414 2400 lacuna
436 2337 613 2418 expleatur.
658 2336 749 2402 Haec
770 2337 838 2402 fere
860 2338 892 2400 in
915 2356 955 2402 ea
977 2338 1097 2418 scripta
1118 2336 1216 2402 fuisse
1234 2357 1283 2402 ar·-

132 2435 241 2500 bitror.
285 2435 435 2520 Magnam
459 2440 527 2504 eius
550 2444 674 2521 partem
697 2440 885 2521 expleverat
908 2439 1113 2504 infortunium
1129 2439 1284 2504 Thoantis

133 2542 166 2602 51
180 2539 346 2624 Eurypyli,
370 2541 425 2622 qui
440 2560 493 2606 11.
510 2542 657 2605 538-40
673 2542 791 2607 medici
811 2541 966 2608 Podalirii
989 2561 1085 2606 curae
1107 2540 1283 2606 traduntur.

133 2640 159 2704 Ε
182 2640 326 2707 curribus
350 2643 435 2706 enim
458 2643 653 2708 deiectorum
677 2645 844 2708 51515555
867 2646 1122 2721 5155111540).
1160 2642 1284 2720 Quare

132 2743 218 2809 15515
232 2743 396 2809 Menelaus
412 2749 579 2825 utrumque
594 2744 882 2826 praeoccupavisse
897 2743 1058 2826 putandus
1074 2751 1131 2811 est.
1169 2746 1284 2810 Eume·

133 2846 199 2910 lum
222 2864 349 2928 quoque
371 2846 478 2928 initio,
510 2846 598 2910 utin
620 2845 723 2911 Iliade
750 2847 784 2907 Ψ
804 2848 882 2930 376,
906 2847 1021 2911 5515115
1043 2848 1285 2928 praevolantem

135 2953 176 3022 11.
199 2949 273 3024 522)
302 2947 482 3029 555515111,
517 2949 594 3030 quia
622 2948 723 3013 vineit
750 2950 792 3024 (1.
817 2948 902 3022 541).
947 2948 1017 3013 Η55
1046 2950 1181 3014 11515115
1210 2951 1285 3031 equi

135 3051 202 3115 eius
225 3056 439 3132 spectatorum
462 3051 571 3115 oeulos
594 3050 627 3114 in
649 3069 684 3114 se
707 3055 905 3131 convertunt,
928 3056 961 3113 51
982 3069 1063 3116 unus
1086 3070 1127 3115 ex
1150 3053 1196 3117 eis
1212 3053 1285 3117 illos

136 3170 306 3234 eorumque
335 3171 553 3233 possessorem
581 3151 731 3218 laudibus
760 3152 886 3216 extollit
914 3152 957 3226 (1.
986 3153 1068 3228 533).
1118 3152 1285 3218 Eiusmodi

135 3253 351 3320 laudationem
377 3254 499 3336 optime
527 3253 672 3335 Nestori,
706 3251 828 3318 homini
857 3271 1004 3318 sermone
1036 3256 1284 3338 promptissimo,

137 3357 306 3421 convenire
327 3355 424 3421 facile
446 3355 664 3438 unusquisque
686 3354 851 3436 concedet,
875 3373 947 3419 cum
968 3356 1156 3436 praesertim
1180 3356 1285 3438 15515

138 3463 240 3522 551515
262 3477 322 3522 555
343 3465 375 3523 51
396 3457 511 3522 notitia
539 3458 723 3538 aptissimus
744 3457 802 3538 sit,
831 3456 887 3536 qni
909 3456 950 3520 de
979 3475 1134 3538 equorum
1162 3459 1285 3540 origine

138 3558 259 3640 aliquid
274 3565 393 3624 narret:
418 3558 458 3625 de
475 3559 525 3625 his
547 3561 631 3624 enim
647 3577 827 3624 sermonem
842 3557 942 3622 fuisse
964 3566 1108 3622 extrema
1130 3559 1284 3643 oratione,

139 3680 219 3744 quae
234 3667 362 3726 servata
377 3667 426 3726 est
441 3669 505 3736 (11.
523 3664 584 3725 526
598 3663 690 3744 eqd),
713 3660 854 3726 docetur.
893 3658 963 3724 Orti
985 3679 1056 3724 esse
1079 3662 1286 3729 existimandi

138 3762 271 3830 suntab
294 3763 341 3826 eis
364 3765 471 3846 equis,
495 3783 574 3845 quos
597 3763 731 3847 Pelops,
760 3783 840 3828 avus
863 3760 1064 3842 Atridarum,
1093 3762 1285 3845 aNeptuno

139 3865 221 3929 dono
236 3870 386 3944 acceptos
402 3862 565 3930 Oenomao
581 3873 730 3947 superato
746 3884 788 3930 ex
804 3864 898 3929 Elide
913 3882 1021 3929 seeum
1037 3861 1130 3928 duxit
1145 3869 1187 3942 (1.
1201 3870 1285 3950 526),

139 3967 197 4032 nisi
220 3965 301 4030 sorte
325 3963 422 4029 iidem
445 3974 527 4032 sunt.
570 3967 706 4032 Achillis
729 3972 815 4032 certe
837 3966 912 4048 equi
935 3963 1119 4045 aNeptuno
1141 3987 1199 4050 per
1221 3991 1287 4035 ma·

140 4087 195 4132 nus
211 4067 302 4132 Pelei
323 4073 356 4131 et
369 4065 507 4132 Achillis
529 4068 562 4132 in
576 4067 781 4150 Neoptolemi
805 4068 983 4134 hereditate
1005 4067 1114 4134 traditi
1137 4072 1169 4135 in
1192 4074 1285 4138 tertio
