3096 4766
816 888 858 953 ΙΙ.

636 1019 697 1104 ΒΕ
723 1018 876 1104 LAEVO
905 1019 1038 1104 cino.

344 1193 477 1260 Veteres
499 1199 532 1258 et
553 1191 696 1259 Graecos
718 1199 751 1259 ct
771 1193 935 1259 Romanos
957 1198 1006 1275 et,
1034 1189 1122 1276 quod
1144 1211 1185 1258 ex
1207 1211 1318 1258 eorum
1339 1211 1422 1258 oon-

260 1295 429 1364 suetudine
456 1295 603 1360 conicere
625 1295 717 1378 licet,
746 1294 884 1360 fortasse
912 1301 1035 1361 ceteras
1062 1313 1191 1377 quoque
1213 1293 1420 1377 antiquitatis

260 1402 372 1481 gentes
388 1397 421 1461 in
437 1394 602 1463 curriculis
617 1415 744 1479 semper
759 1402 792 1462 et
806 1396 925 1478 ubique
937 1397 959 1472 ¹)
982 1416 1083 1480 equos
1098 1397 1131 1461 in
1146 1397 1277 1462 laevum
1298 1415 1418 1480 gyrum

260 1499 392 1565 duxisse
415 1497 563 1580 quamvis
584 1516 636 1563 res
659 1497 701 1563 sit
721 1503 814 1581 nota,
841 1503 949 1564 tamen
970 1498 1168 1581 plenioribus
1191 1518 1287 1582 quam
1308 1497 1418 1563 adbuc

260 1601 381 1666 factum
397 1604 446 1666 cst
459 1599 650 1666 testimoniis
666 1598 900 1666 demonstrabo.
929 1599 979 1665 Ac
992 1619 1034 1665 ne
1048 1601 1192 1684 periculo
1214 1601 1343 1683 quidem
1368 1619 1418 1666 re-

259 1703 363 1786 pellar
385 1702 490 1786 locos,
519 1719 600 1783 quos
622 1720 692 1784 cap.
708 1701 801 1766 IIIA
822 1700 972 1785 afferam,
1003 1707 1157 1784 exparte
1184 1701 1415 1786 praecipiendi.

259 1802 341 1869 (ium
357 1804 441 1869 enim
464 1804 644 1886 scriptores,
667 1803 857 1886 praesertim
878 1809 1005 1886 poetae,
1028 1822 1129 1886 equos
1146 1809 1303 1870 certantes
1318 1803 1415 1886 longe

259 1905 449 1989 saepissime
465 1923 504 1970 eo
521 1904 723 1988 potissimum
738 1911 882 1988 tempore
900 1905 1094 1988 describant,
1112 1925 1175 1988 quo
1194 1906 1281 1973 circa
1297 1913 1416 1971 metam

258 2005 405 2087 flectunt,
428 2007 505 2088 quia
525 2005 561 2072 id
582 2011 706 2090 tempus
728 2025 787 2090 pro
808 2007 952 2090 periculo
975 2027 1033 2073 suo
1056 2009 1181 2074 animos
1203 2009 1237 2073 in
1258 2027 1416 2074 summam

260 2110 535 2192 exspectationem
562 2108 710 2190 adducit,
739 2107 774 2173 fit
804 2115 839 2174 ut
866 2108 966 2174 iidem
992 2110 1060 2175 fere
1089 2109 1153 2175 loci
1175 2110 1268 2176 simul
1299 2109 1362 2175 hnc
1384 2115 1417 2176 ct

259 2211 337 2278 illuc
365 2217 518 2295 spectent.
569 2209 650 2276 Sunt
677 2215 784 2276 autem
818 2211 1016 2294 testimonia,
1049 2211 1082 2276 in
1110 2231 1194 2293 qnae
1222 2218 1416 2279 auctores

263 2318 479 2396 perscrutatus
501 2310 611 2392 incidi,
635 2310 732 2376 haec:

260 2431 299 2496 Il.
320 2431 354 2492 Ψ
367 2431 528 2494 335-38:

352 2521 453 2604 αὐτὸς
476 2527 512 2592 δὲ
534 2527 714 2612 κλινθῆναι
736 2525 905 2615 ἐνπλέκτῳ
929 2527 978 2597 ἐνὶ
1001 2530 1112 2619 δίφρῳ

345 2613 400 2716 ήκ)
427 2621 491 2694 ἐπ’
518 2621 720 2714 ἀριστερὰ
743 2643 844 2696 τοιῖν·
870 2624 954 2717 ἀτὰρ
976 2630 1035 2699 τὸν
1058 2630 1199 2710 δεξιὸν
1220 2633 1330 2701 ἵππον

346 2735 460 2797 κένσαι
482 2727 679 2818 ὁμοκλήσας,
704 2727 791 2808 εἶξαί
812 2756 848 2798 τε
871 2733 905 2798 οἱ
925 2729 1003 2820 ήνλα
1024 2741 1147 2820 χερσίν.

348 2830 382 2898 ἓν
404 2831 506 2920 νύσσῃ
530 2833 568 2898 δέ
588 2858 643 2899 τοι
664 2833 774 2911 ἵππος
797 2828 1018 2921 ἀριστερὸς
1039 2834 1288 2926 ἐγχριμφθήτω.

262 2935 362 3020 Sopb.
378 2937 427 3001 El.
448 2939 609 3001 tto-22:

347 3051 455 3114 κεῖνος
476 3029 509 3101 d'
535 3030 598 3102 ὑπ’
626 3029 728 3126 αὐτήν
751 3035 892 3127 ἐσχάτην
915 3036 1037 3125 στήλην
1060 3039 1142 3120 ἔχων

348 3131 504 3224 ἔχριμπτ’
531 3132 585 3205 ἀεὶ
608 3137 753 3224 σύριχχα,
778 3138 920 3217 δεξιόν
942 3132 975 3203 τ’
1002 3133 1094 3217 ἀνεὶς

350 3253 499 3325 σειραῖον
522 3239 633 3307 ἵππον
656 3236 743 3325 εἶργε
765 3239 824 3307 τὸν
847 3245 1093 3326 προςκείμενον.

263 3345 305 3410 ib.
325 3347 487 3410 743-45:

349 3437 458 3512 ἔπειτ>
486 3436 632 3509 ἀνέλκων
642 3448 667 3521 ²)
688 3439 784 3530 ήνίαν
807 3437 1038 3527 ἀριστερὰν

347 3545 619 3630 κάμπτοντος
640 3544 776 3612 ἵππον
799 3543 961 3611 λανθάνει
985 3542 1106 3632 στήλήν
1130 3538 1232 3631 ἄκραν

349 3655 487 3724 παίσας.

351 3788 375 3846 1)
394 3781 509 3851 Excipio
528 3781 714 3836 dimicationes
732 3781 760 3835 in
779 3781 858 3835 circis
871 3779 1001 3834 Romanis
1019 3779 1117 3843 tectus,
1135 3781 1183 3835 ubi
1201 3783 1246 3851 qni
1265 3783 1412 3852 equitume

265 3866 382 3920 sinistris
407 3865 562 3921 carceribus
581 3869 809 3934 excucurrerunt,
834 3866 929 3921 dextra
946 3866 1197 3936 quadrupedabant.
1233 3868 1286 3922 Sed
1304 3870 1410 3938 egubio

264 3951 324 4006 sola
341 3951 490 4004 certamina
508 3966 583 4019 curo,
601 3966 657 4005 non
675 3949 869 4006 diminutiones.

351 4038 376 4101 2)
394 4035 534 4090 Arndtins.
553 4034 648 4104 volu:
667 4029 765 4092 ἔπειτα
783 4031 866 4092 λύων.
