<?xml version="1.0" encoding="UTF-8"?>
<!DOCTYPE html PUBLIC "-//W3C//DTD XHTML 1.0 Transitional//EN"
    "http://www.w3.org/TR/xhtml1/DTD/xhtml1-transitional.dtd">
<html xmlns="http://www.w3.org/1999/xhtml" xml:lang="en" lang="en">
 <head>
  <title>
</title>
<meta http-equiv="Content-Type" content="text/html;charset=utf-8" />
  <meta name='ocr-system' content='tesseract 3.04.00' />
  <meta name='ocr-capabilities' content='ocr_page ocr_carea ocr_par ocr_line ocrx_word'/>
</head>
<body>
  <div class='ocr_page' id='page_1' title='image "./hippodromica01pollgoog_0013.png"; bbox 0 0 3096 4766; ppageno 0'>
   <div class='ocr_carea' id='block_1_1' title="bbox 1 928 27 1076">
    <p class='ocr_par' dir='ltr' id='par_1_1' title="bbox 1 928 27 1076">
     <span class='ocr_line' id='line_1_1' title="bbox 10 928 26 972; baseline -0.063 0"><span class='ocrx_word' id='word_1_1' title='bbox 10 928 26 972; x_wconf 89' lang='lat' dir='ltr'><strong>:u</strong></span> 
     </span>
     <span class='ocr_line' id='line_1_2' title="bbox 1 1012 27 1076; baseline -0.077 0"><span class='ocrx_word' id='word_1_2' title='bbox 1 1012 27 1076; x_wconf 76' lang='lat' dir='ltr'><strong>oc</strong></span> 
     </span>
    </p>
   </div>
   <div class='ocr_carea' id='block_1_2' title="bbox 668 1010 726 1076">
    <p class='ocr_par' dir='ltr' id='par_1_2' title="bbox 668 1010 726 1076">
     <span class='ocr_line' id='line_1_3' title="bbox 668 1010 726 1076; baseline 0 0"><span class='ocrx_word' id='word_1_3' title='bbox 668 1046 671 1054; x_wconf 36' lang='grc' dir='ltr'><strong><em>ι</em></strong></span> <span class='ocrx_word' id='word_1_4' title='bbox 709 1010 726 1076; x_wconf 97' lang='grc' dir='ltr'>Ι</span> 
     </span>
    </p>
   </div>
   <div class='ocr_carea' id='block_1_3' title="bbox 1 1135 1296 1320">
    <p class='ocr_par' dir='ltr' id='par_1_3' title="bbox 1 1135 1296 1320">
     <span class='ocr_line' id='line_1_4' title="bbox 1 1135 1296 1320; baseline 0.006 -84"><span class='ocrx_word' id='word_1_5' title='bbox 1 1135 26 1180; x_wconf 53' lang='lat'><strong>³³²</strong></span> <span class='ocrx_word' id='word_1_6' title='bbox 151 1161 211 1245; x_wconf 84' lang='lat' dir='ltr'><strong>llll</strong></span> <span class='ocrx_word' id='word_1_7' title='bbox 238 1157 992 1247; x_wconf 77' lang='grc'><strong>11111111111111111111111111</strong></span> <span class='ocrx_word' id='word_1_8' title='bbox 1015 1155 1296 1320; x_wconf 64' lang='lat' dir='ltr'><strong>lllldllRlPllS.</strong></span> 
     </span>
    </p>
   </div>
   <div class='ocr_carea' id='block_1_4' title="bbox 148 1364 1300 3580">
    <p class='ocr_par' dir='ltr' id='par_1_4' title="bbox 148 1364 1300 2864">
     <span class='ocr_line' id='line_1_5' title="bbox 235 1364 1297 1454; baseline 0.001 -22"><span class='ocrx_word' id='word_1_9' title='bbox 235 1367 285 1433; x_wconf 94' lang='lat' dir='ltr'><strong>De</strong></span> <span class='ocrx_word' id='word_1_10' title='bbox 307 1367 507 1449; x_wconf 83' lang='lat' dir='ltr'><strong>equestribus</strong></span> <span class='ocrx_word' id='word_1_11' title='bbox 529 1371 672 1434; x_wconf 88' lang='lat' dir='ltr'><strong>veterum</strong></span> <span class='ocrx_word' id='word_1_12' title='bbox 696 1365 921 1433; x_wconf 81' lang='lat' dir='ltr'><strong>certaminibus</strong></span> <span class='ocrx_word' id='word_1_13' title='bbox 939 1364 1104 1454; x_wconf 78' lang='lat' dir='ltr'><strong>quaerenti</strong></span> <span class='ocrx_word' id='word_1_14' title='bbox 1119 1365 1297 1433; x_wconf 89' lang='lat' dir='ltr'><strong>uberrimus</strong></span> 
     </span>
     <span class='ocr_line' id='line_1_6' title="bbox 149 1465 1297 1555; baseline -0.001 -21"><span class='ocrx_word' id='word_1_15' title='bbox 149 1469 221 1537; x_wconf 87' lang='lat' dir='ltr'><strong>tons</strong></span> <span class='ocrx_word' id='word_1_16' title='bbox 249 1475 351 1535; x_wconf 86' lang='lat' dir='ltr'><strong>scatet</strong></span> <span class='ocrx_word' id='word_1_17' title='bbox 380 1490 421 1535; x_wconf 83' lang='lat' dir='ltr'><strong>ex</strong></span> <span class='ocrx_word' id='word_1_18' title='bbox 450 1470 611 1554; x_wconf 89' lang='lat' dir='ltr'><strong>epicomm</strong></span> <span class='ocrx_word' id='word_1_19' title='bbox 645 1468 919 1555; x_wconf 75' lang='lat' dir='ltr'><strong>descriptionibus.</strong></span> <span class='ocrx_word' id='word_1_20' title='bbox 969 1465 1110 1544; x_wconf 80' lang='lat' dir='ltr'><strong>Quarum</strong></span> <span class='ocrx_word' id='word_1_21' title='bbox 1144 1486 1227 1550; x_wconf 88' lang='lat' dir='ltr'><strong>quae</strong></span> <span class='ocrx_word' id='word_1_22' title='bbox 1254 1467 1297 1535; x_wconf 90' lang='lat' dir='ltr'><strong>ad</strong></span> 
     </span>
     <span class='ocr_line' id='line_1_7' title="bbox 150 1568 1296 1655; baseline -0.002 -17"><span class='ocrx_word' id='word_1_23' title='bbox 150 1571 276 1638; x_wconf 81' lang='lat' dir='ltr'><strong>Graeca</strong></span> <span class='ocrx_word' id='word_1_24' title='bbox 295 1571 465 1655; x_wconf 89' lang='lat' dir='ltr'><strong>pertinent,</strong></span> <span class='ocrx_word' id='word_1_25' title='bbox 490 1591 545 1638; x_wconf 86' lang='lat' dir='ltr'><strong>eas</strong></span> <span class='ocrx_word' id='word_1_26' title='bbox 567 1572 770 1638; x_wconf 90' lang='lat' dir='ltr'><strong>considerare</strong></span> <span class='ocrx_word' id='word_1_27' title='bbox 791 1590 875 1636; x_wconf 94' lang='lat' dir='ltr'><strong>nunc</strong></span> <span class='ocrx_word' id='word_1_28' title='bbox 890 1568 969 1634; x_wconf 88' lang='lat' dir='ltr'><strong>mihi</strong></span> <span class='ocrx_word' id='word_1_29' title='bbox 989 1569 1140 1655; x_wconf 92' lang='lat' dir='ltr'><strong>proposui</strong></span> <span class='ocrx_word' id='word_1_30' title='bbox 1161 1570 1207 1635; x_wconf 90' lang='lat' dir='ltr'><strong>ita</strong></span> <span class='ocrx_word' id='word_1_31' title='bbox 1229 1570 1296 1652; x_wconf 90' lang='lat' dir='ltr'><strong>qui-</strong></span> 
     </span>
     <span class='ocr_line' id='line_1_8' title="bbox 149 1672 1297 1758; baseline 0.001 -20"><span class='ocrx_word' id='word_1_32' title='bbox 149 1672 239 1756; x_wconf 88' lang='lat' dir='ltr'><strong>dem,</strong></span> <span class='ocrx_word' id='word_1_33' title='bbox 269 1679 390 1740; x_wconf 92' lang='lat' dir='ltr'><strong>utnon</strong></span> <span class='ocrx_word' id='word_1_34' title='bbox 413 1673 520 1739; x_wconf 89' lang='lat' dir='ltr'><strong>omnia</strong></span> <span class='ocrx_word' id='word_1_35' title='bbox 542 1693 563 1739; x_wconf 88' lang='lat' dir='ltr'><strong>a</strong></span> <span class='ocrx_word' id='word_1_36' title='bbox 584 1673 764 1741; x_wconf 84' lang='lat' dir='ltr'><strong>carceribus</strong></span> <span class='ocrx_word' id='word_1_37' title='bbox 786 1672 829 1738; x_wconf 90' lang='lat' dir='ltr'><strong>ad</strong></span> <span class='ocrx_word' id='word_1_38' title='bbox 852 1673 972 1738; x_wconf 85' lang='lat' dir='ltr'><strong>calcem</strong></span> <span class='ocrx_word' id='word_1_39' title='bbox 994 1678 1142 1739; x_wconf 83' lang='lat' dir='ltr'><strong>accurate</strong></span> <span class='ocrx_word' id='word_1_40' title='bbox 1164 1692 1297 1758; x_wconf 93' lang='lat' dir='ltr'><strong>perpen-</strong></span> 
     </span>
     <span class='ocr_line' id='line_1_9' title="bbox 149 1772 1300 1860; baseline 0.001 -20"><span class='ocrx_word' id='word_1_41' title='bbox 149 1775 236 1860; x_wconf 87' lang='lat' dir='ltr'><strong>dam,</strong></span> <span class='ocrx_word' id='word_1_42' title='bbox 259 1795 369 1843; x_wconf 90' lang='lat' dir='ltr'><strong>verum</strong></span> <span class='ocrx_word' id='word_1_43' title='bbox 384 1775 535 1841; x_wconf 85' lang='lat' dir='ltr'><strong>liberiore</strong></span> <span class='ocrx_word' id='word_1_44' title='bbox 551 1776 690 1857; x_wconf 89' lang='lat' dir='ltr'><strong>quodam</strong></span> <span class='ocrx_word' id='word_1_45' title='bbox 706 1774 848 1858; x_wconf 89' lang='lat' dir='ltr'><strong>arbitrio,</strong></span> <span class='ocrx_word' id='word_1_46' title='bbox 864 1792 1072 1858; x_wconf 88' lang='lat' dir='ltr'><strong>quaecunque</strong></span> <span class='ocrx_word' id='word_1_47' title='bbox 1088 1773 1167 1838; x_wconf 92' lang='lat' dir='ltr'><strong>mihi</strong></span> <span class='ocrx_word' id='word_1_48' title='bbox 1181 1772 1300 1841; x_wconf 91' lang='lat' dir='ltr'><strong>idonea</strong></span> 
     </span>
     <span class='ocr_line' id='line_1_10' title="bbox 148 1875 1298 1962; baseline -0.004 -18"><span class='ocrx_word' id='word_1_49' title='bbox 148 1879 353 1961; x_wconf 83' lang='lat' dir='ltr'><strong>ridebuntur,</strong></span> <span class='ocrx_word' id='word_1_50' title='bbox 378 1875 505 1959; x_wconf 84' lang='lat' dir='ltr'><strong>eligam.</strong></span> <span class='ocrx_word' id='word_1_51' title='bbox 544 1875 624 1941; x_wconf 89' lang='lat' dir='ltr'><strong>Sunt</strong></span> <span class='ocrx_word' id='word_1_52' title='bbox 646 1882 753 1943; x_wconf 89' lang='lat' dir='ltr'><strong>autem</strong></span> <span class='ocrx_word' id='word_1_53' title='bbox 776 1875 1003 1960; x_wconf 82' lang='lat' dir='ltr'><strong>descriptiones</strong></span> <span class='ocrx_word' id='word_1_54' title='bbox 1018 1876 1159 1958; x_wconf 92' lang='lat' dir='ltr'><strong>Homeri,</strong></span> <span class='ocrx_word' id='word_1_55' title='bbox 1181 1875 1298 1962; x_wconf 90' lang='lat' dir='ltr'><strong>Nonni,</strong></span> 
     </span>
     <span class='ocr_line' id='line_1_11' title="bbox 149 1977 1298 2062; baseline 0.002 -18"><span class='ocrx_word' id='word_1_56' title='bbox 149 1980 260 2059; x_wconf 81' lang='lat' dir='ltr'><strong>Quinti</strong></span> <span class='ocrx_word' id='word_1_57' title='bbox 282 1978 468 2062; x_wconf 83' lang='lat' dir='ltr'><strong>Smyrnaei,</strong></span> <span class='ocrx_word' id='word_1_58' title='bbox 497 1977 601 2044; x_wconf 88' lang='lat' dir='ltr'><strong>Statii.</strong></span> <span class='ocrx_word' id='word_1_59' title='bbox 646 1979 801 2060; x_wconf 86' lang='lat' dir='ltr'><strong>Neglecto</strong></span> <span class='ocrx_word' id='word_1_60' title='bbox 831 1983 1009 2062; x_wconf 91' lang='lat' dir='ltr'><strong>temporum</strong></span> <span class='ocrx_word' id='word_1_61' title='bbox 1038 1977 1150 2044; x_wconf 88' lang='lat' dir='ltr'><strong>ordine</strong></span> <span class='ocrx_word' id='word_1_62' title='bbox 1171 1979 1218 2046; x_wconf 91' lang='lat' dir='ltr'><strong>sic</strong></span> <span class='ocrx_word' id='word_1_63' title='bbox 1239 1980 1298 2046; x_wconf 91' lang='lat' dir='ltr'><strong>hos</strong></span> 
     </span>
     <span class='ocr_line' id='line_1_12' title="bbox 151 2079 1298 2165; baseline 0 -19"><span class='ocrx_word' id='word_1_64' title='bbox 151 2088 301 2165; x_wconf 85' lang='lat' dir='ltr'><strong>quattuor</strong></span> <span class='ocrx_word' id='word_1_65' title='bbox 330 2080 479 2147; x_wconf 89' lang='lat' dir='ltr'><strong>ordinare</strong></span> <span class='ocrx_word' id='word_1_66' title='bbox 507 2080 611 2147; x_wconf 82' lang='lat' dir='ltr'><strong>visum</strong></span> <span class='ocrx_word' id='word_1_67' title='bbox 634 2086 697 2162; x_wconf 90' lang='lat' dir='ltr'><strong>est,</strong></span> <span class='ocrx_word' id='word_1_68' title='bbox 728 2086 763 2145; x_wconf 91' lang='lat' dir='ltr'><strong>ut</strong></span> <span class='ocrx_word' id='word_1_69' title='bbox 784 2097 847 2161; x_wconf 92' lang='lat' dir='ltr'><strong>quo</strong></span> <span class='ocrx_word' id='word_1_70' title='bbox 875 2079 1009 2161; x_wconf 89' lang='lat' dir='ltr'><strong>quisque</strong></span> <span class='ocrx_word' id='word_1_71' title='bbox 1032 2079 1172 2147; x_wconf 90' lang='lat' dir='ltr'><strong>Homero</strong></span> <span class='ocrx_word' id='word_1_72' title='bbox 1193 2081 1298 2147; x_wconf 84' lang='lat' dir='ltr'><strong>imita-</strong></span> 
     </span>
     <span class='ocr_line' id='line_1_13' title="bbox 151 2181 1299 2267; baseline 0.002 -19"><span class='ocrx_word' id='word_1_73' title='bbox 151 2184 237 2249; x_wconf 89' lang='lat' dir='ltr'><strong>tione</strong></span> <span class='ocrx_word' id='word_1_74' title='bbox 266 2182 474 2267; x_wconf 91' lang='lat' dir='ltr'><strong>propinquior</strong></span> <span class='ocrx_word' id='word_1_75' title='bbox 501 2183 559 2265; x_wconf 91' lang='lat' dir='ltr'><strong>sit,</strong></span> <span class='ocrx_word' id='word_1_76' title='bbox 593 2203 631 2248; x_wconf 92' lang='lat' dir='ltr'><strong>eo</strong></span> <span class='ocrx_word' id='word_1_77' title='bbox 661 2181 843 2267; x_wconf 90' lang='lat' dir='ltr'><strong>propiorem</strong></span> <span class='ocrx_word' id='word_1_78' title='bbox 871 2181 920 2246; x_wconf 88' lang='lat' dir='ltr'><strong>illi</strong></span> <span class='ocrx_word' id='word_1_79' title='bbox 948 2183 1053 2248; x_wconf 92' lang='lat' dir='ltr'><strong>locum</strong></span> <span class='ocrx_word' id='word_1_80' title='bbox 1082 2187 1200 2249; x_wconf 89' lang='lat' dir='ltr'><strong>teneat.</strong></span> <span class='ocrx_word' id='word_1_81' title='bbox 1251 2185 1299 2250; x_wconf 85' lang='lat' dir='ltr'><strong>llo</strong></span> 
     </span>
     <span class='ocr_line' id='line_1_14' title="bbox 151 2283 1300 2369; baseline -0.003 -15"><span class='ocrx_word' id='word_1_82' title='bbox 151 2306 261 2354; x_wconf 89' lang='lat' dir='ltr'><strong>omnes</strong></span> <span class='ocrx_word' id='word_1_83' title='bbox 284 2289 434 2369; x_wconf 91' lang='lat' dir='ltr'><strong>quattuor</strong></span> <span class='ocrx_word' id='word_1_84' title='bbox 455 2291 571 2368; x_wconf 87' lang='lat' dir='ltr'><strong>poetae</strong></span> <span class='ocrx_word' id='word_1_85' title='bbox 598 2284 737 2351; x_wconf 83' lang='lat' dir='ltr'><strong>interce</strong></span> <span class='ocrx_word' id='word_1_86' title='bbox 760 2289 950 2368; x_wconf 84' lang='lat' dir='ltr'><strong>congruunt,</strong></span> <span class='ocrx_word' id='word_1_87' title='bbox 979 2284 1065 2365; x_wconf 93' lang='lat' dir='ltr'><strong>quod</strong></span> <span class='ocrx_word' id='word_1_88' title='bbox 1093 2284 1126 2350; x_wconf 92' lang='lat' dir='ltr'><strong>in</strong></span> <span class='ocrx_word' id='word_1_89' title='bbox 1151 2283 1300 2353; x_wconf 91' lang='lat' dir='ltr'><strong>ludorum</strong></span> 
     </span>
     <span class='ocr_line' id='line_1_15' title="bbox 150 2384 1299 2470; baseline -0.003 -15"><span class='ocrx_word' id='word_1_90' title='bbox 150 2386 329 2456; x_wconf 87' lang='lat' dir='ltr'><strong>funebrium</strong></span> <span class='ocrx_word' id='word_1_91' title='bbox 351 2386 566 2453; x_wconf 86' lang='lat' dir='ltr'><strong>celebratione</strong></span> <span class='ocrx_word' id='word_1_92' title='bbox 588 2386 764 2452; x_wconf 88' lang='lat' dir='ltr'><strong>certamina</strong></span> <span class='ocrx_word' id='word_1_93' title='bbox 785 2385 906 2452; x_wconf 92' lang='lat' dir='ltr'><strong>institui</strong></span> <span class='ocrx_word' id='word_1_94' title='bbox 927 2384 1058 2470; x_wconf 81' lang='lat' dir='ltr'><strong>fingunt.</strong></span> <span class='ocrx_word' id='word_1_95' title='bbox 1098 2387 1192 2454; x_wconf 90' lang='lat' dir='ltr'><strong>Hunc</strong></span> <span class='ocrx_word' id='word_1_96' title='bbox 1214 2387 1299 2454; x_wconf 93' lang='lat' dir='ltr'><strong>enim</strong></span> 
     </span>
     <span class='ocr_line' id='line_1_16' title="bbox 149 2487 1299 2574; baseline 0.002 -19"><span class='ocrx_word' id='word_1_97' title='bbox 149 2488 382 2573; x_wconf 86' lang='lat' dir='ltr'><strong>antiquissimis</strong></span> <span class='ocrx_word' id='word_1_98' title='bbox 409 2488 611 2573; x_wconf 91' lang='lat' dir='ltr'><strong>temporibus</strong></span> <span class='ocrx_word' id='word_1_99' title='bbox 638 2489 672 2553; x_wconf 94' lang='lat' dir='ltr'><strong>in</strong></span> <span class='ocrx_word' id='word_1_100' title='bbox 704 2489 884 2574; x_wconf 93' lang='lat' dir='ltr'><strong>principum</strong></span> <span class='ocrx_word' id='word_1_101' title='bbox 917 2487 1079 2570; x_wconf 82' lang='lat' dir='ltr'><strong>exsequiis</strong></span> <span class='ocrx_word' id='word_1_102' title='bbox 1112 2491 1299 2557; x_wconf 90' lang='lat' dir='ltr'><strong>sollemnem</strong></span> 
     </span>
     <span class='ocr_line' id='line_1_17' title="bbox 150 2589 1300 2676; baseline 0.002 -18"><span class='ocrx_word' id='word_1_103' title='bbox 150 2592 344 2659; x_wconf 83' lang='lat' dir='ltr'><strong>Graecorum</strong></span> <span class='ocrx_word' id='word_1_104' title='bbox 359 2612 479 2658; x_wconf 90' lang='lat' dir='ltr'><strong>morem</strong></span> <span class='ocrx_word' id='word_1_105' title='bbox 494 2591 593 2658; x_wconf 84' lang='lat' dir='ltr'><strong>tuisse</strong></span> <span class='ocrx_word' id='word_1_106' title='bbox 616 2591 797 2676; x_wconf 89' lang='lat' dir='ltr'><strong>complures</strong></span> <span class='ocrx_word' id='word_1_107' title='bbox 818 2591 880 2658; x_wconf 90' lang='lat' dir='ltr'><strong>loci</strong></span> <span class='ocrx_word' id='word_1_108' title='bbox 903 2589 1083 2658; x_wconf 89' lang='lat' dir='ltr'><strong>testimonio</strong></span> <span class='ocrx_word' id='word_1_109' title='bbox 1105 2598 1188 2676; x_wconf 91' lang='lat' dir='ltr'><strong>sunt,</strong></span> <span class='ocrx_word' id='word_1_110' title='bbox 1211 2595 1300 2660; x_wconf 82' lang='lat' dir='ltr'><strong>velut</strong></span> 
     </span>
     <span class='ocr_line' id='line_1_18' title="bbox 150 2691 1300 2778; baseline 0.003 -16"><span class='ocrx_word' id='word_1_111' title='bbox 150 2694 211 2762; x_wconf 88' lang='lat' dir='ltr'><strong>Od.</strong></span> <span class='ocrx_word' id='word_1_112' title='bbox 236 2698 406 2777; x_wconf 80' lang='grc'><strong>187-9,</strong></span> <span class='ocrx_word' id='word_1_113' title='bbox 433 2694 488 2758; x_wconf 93' lang='lat' dir='ltr'><strong>ubi</strong></span> <span class='ocrx_word' id='word_1_114' title='bbox 510 2693 710 2778; x_wconf 86' lang='lat' dir='ltr'><strong>Agamemno</strong></span> <span class='ocrx_word' id='word_1_115' title='bbox 737 2693 832 2760; x_wconf 87' lang='lat' dir='ltr'><strong>funus</strong></span> <span class='ocrx_word' id='word_1_116' title='bbox 854 2691 989 2759; x_wconf 91' lang='lat' dir='ltr'><strong>Achillis</strong></span> <span class='ocrx_word' id='word_1_117' title='bbox 1015 2713 1197 2762; x_wconf 90' lang='lat' dir='ltr'><strong>memorans</strong></span> <span class='ocrx_word' id='word_1_118' title='bbox 1219 2697 1300 2765; x_wconf 91' lang='lat' dir='ltr'><strong>haec</strong></span> 
     </span>
     <span class='ocr_line' id='line_1_19' title="bbox 150 2797 241 2864; baseline -0.044 0"><span class='ocrx_word' id='word_1_119' title='bbox 150 2797 241 2864; x_wconf 79' lang='lat' dir='ltr'><strong>dicit:</strong></span> 
     </span>
    </p>

    <p class='ocr_par' dir='ltr' id='par_1_5' title="bbox 152 2888 1151 3580">
     <span class='ocr_line' id='line_1_20' title="bbox 215 2888 1068 2986; baseline 0 -24"><span class='ocrx_word' id='word_1_120' title='bbox 215 2893 277 2986; x_wconf 80' lang='grc' dir='ltr'><strong><em>η’όη</em></strong></span> <span class='ocrx_word' id='word_1_121' title='bbox 299 2896 360 2980; x_wconf 82' lang='grc' dir='ltr'><strong>μὲν</strong></span> <span class='ocrx_word' id='word_1_122' title='bbox 382 2897 546 2963; x_wconf 87' lang='grc' dir='ltr'><strong><em>πολέων</em></strong></span> <span class='ocrx_word' id='word_1_123' title='bbox 568 2895 666 2984; x_wconf 81' lang='grc' dir='ltr'><strong><em>τάφῳ</em></strong></span> <span class='ocrx_word' id='word_1_124' title='bbox 690 2893 818 2980; x_wconf 77' lang='grc' dir='ltr'><strong><em>ἀνδρῶν</em></strong></span> <span class='ocrx_word' id='word_1_125' title='bbox 844 2888 1068 2984; x_wconf 73' lang='grc' dir='ltr'><strong><em>ἀντεβόλησας</em></strong></span> 
     </span>
     <span class='ocr_line' id='line_1_21' title="bbox 213 2989 1151 3087; baseline -0.001 -23"><span class='ocrx_word' id='word_1_126' title='bbox 213 2997 342 3087; x_wconf 80' lang='grc' dir='ltr'><em>ἡρώων,</em></span> <span class='ocrx_word' id='word_1_127' title='bbox 366 2989 422 3064; x_wconf 77' lang='grc' dir='ltr'><strong>ὅτε</strong></span> <span class='ocrx_word' id='word_1_128' title='bbox 442 3002 496 3066; x_wconf 84' lang='grc' dir='ltr'><strong>κέν</strong></span> <span class='ocrx_word' id='word_1_129' title='bbox 518 2992 598 3065; x_wconf 75' lang='grc' dir='ltr'><strong><em>ποτ’</em></strong></span> <span class='ocrx_word' id='word_1_130' title='bbox 626 2992 926 3085; x_wconf 74' lang='grc' dir='ltr'><strong><em>ἀποφθιμένου</em></strong></span> <span class='ocrx_word' id='word_1_131' title='bbox 948 2999 1151 3085; x_wconf 74' lang='grc' dir='ltr'><strong><em>βασιλῆος</em></strong></span> 
     </span>
     <span class='ocr_line' id='line_1_22' title="bbox 216 3093 1024 3182; baseline -0.004 -15"><span class='ocrx_word' id='word_1_132' title='bbox 216 3101 394 3182; x_wconf 84' lang='grc' dir='ltr'><strong><em>ζώννυνταί</em></strong></span> <span class='ocrx_word' id='word_1_133' title='bbox 413 3125 450 3166; x_wconf 90' lang='grc' dir='ltr'><strong>τε</strong></span> <span class='ocrx_word' id='word_1_134' title='bbox 472 3105 542 3167; x_wconf 84' lang='grc' dir='ltr'><strong><em>νέοι</em></strong></span> <span class='ocrx_word' id='word_1_135' title='bbox 562 3103 618 3166; x_wconf 86' lang='grc' dir='ltr'><strong>καὶ</strong></span> <span class='ocrx_word' id='word_1_136' title='bbox 641 3099 883 3167; x_wconf 79' lang='grc' dir='ltr'><strong><em>ἐπεντόνωντιιι</em></strong></span> <span class='ocrx_word' id='word_1_137' title='bbox 905 3093 1024 3181; x_wconf 87' lang='grc' dir='ltr'><strong><em>ἀεθλα,</em></strong></span> 
     </span>
     <span class='ocr_line' id='line_1_23' title="bbox 153 3203 1010 3291; baseline -0.007 -17"><span class='ocrx_word' id='word_1_138' title='bbox 153 3207 341 3291; x_wconf 90' lang='lat' dir='ltr'><strong>quibuscum</strong></span> <span class='ocrx_word' id='word_1_139' title='bbox 363 3205 507 3272; x_wconf 84' lang='lat' dir='ltr'><strong>conferas</strong></span> <span class='ocrx_word' id='word_1_140' title='bbox 525 3204 632 3288; x_wconf 88' lang='lat' dir='ltr'><strong>Apoll.</strong></span> <span class='ocrx_word' id='word_1_141' title='bbox 654 3204 756 3270; x_wconf 87' lang='lat' dir='ltr'><strong>Rhod.</strong></span> <span class='ocrx_word' id='word_1_142' title='bbox 778 3203 825 3268; x_wconf 93' lang='lat' dir='ltr'><strong>Ill</strong></span> <span class='ocrx_word' id='word_1_143' title='bbox 850 3206 1010 3268; x_wconf 80' lang='lat'>1271-4:</span> 
     </span>
     <span class='ocr_line' id='line_1_24' title="bbox 216 3298 1098 3392; baseline -0.003 -18"><span class='ocrx_word' id='word_1_144' title='bbox 216 3298 410 3374; x_wconf 81' lang='grc' dir='ltr'><strong><em>...ὁππότ’</em></strong></span> <span class='ocrx_word' id='word_1_145' title='bbox 431 3299 897 3392; x_wconf 83' lang='grc' dir='ltr'><strong><em>ἀεθλακαταφθιμένοιο</em></strong></span> <span class='ocrx_word' id='word_1_146' title='bbox 921 3299 1098 3382; x_wconf 83' lang='grc' dir='ltr'><strong><em>ἀνακτος</em></strong></span> 
     </span>
     <span class='ocr_line' id='line_1_25' title="bbox 216 3404 1044 3497; baseline -0.002 -21"><span class='ocrx_word' id='word_1_147' title='bbox 216 3407 392 3497; x_wconf 78' lang='grc' dir='ltr'><strong><em>κηδεμόνες</em></strong></span> <span class='ocrx_word' id='word_1_148' title='bbox 414 3406 547 3487; x_wconf 82' lang='grc' dir='ltr'><strong><em>πεζοῖσι</em></strong></span> <span class='ocrx_word' id='word_1_149' title='bbox 568 3408 624 3472; x_wconf 84' lang='grc' dir='ltr'><strong>καὶ</strong></span> <span class='ocrx_word' id='word_1_150' title='bbox 647 3404 857 3494; x_wconf 81' lang='grc' dir='ltr'><strong><em>ἱππήεσσι</em></strong></span> <span class='ocrx_word' id='word_1_151' title='bbox 879 3410 1044 3489; x_wconf 74' lang='grc' dir='ltr'><strong><em>τίθενται,</em></strong></span> 
     </span>
     <span class='ocr_line' id='line_1_26' title="bbox 152 3513 352 3580; baseline -0.015 -1"><span class='ocrx_word' id='word_1_152' title='bbox 152 3513 233 3580; x_wconf 88' lang='lat' dir='ltr'><strong>ib.1</strong></span> <span class='ocrx_word' id='word_1_153' title='bbox 257 3515 352 3579; x_wconf 81' lang='lat'>1057:</span> 
     </span>
    </p>
   </div>
   <div class='ocr_carea' id='block_1_5' title="bbox 650 3584 1215 3682">
    <p class='ocr_par' dir='ltr' id='par_1_6' title="bbox 650 3584 1215 3682">
     <span class='ocr_line' id='line_1_27' title="bbox 650 3584 1215 3682; baseline 0.002 -23"><span class='ocrx_word' id='word_1_154' title='bbox 650 3590 869 3682; x_wconf 80' lang='grc' dir='ltr'><strong><em>ἐπειρήσαντό</em></strong></span> <span class='ocrx_word' id='word_1_155' title='bbox 892 3584 925 3656; x_wconf 80' lang='grc' dir='ltr'><strong>τ’</strong></span> <span class='ocrx_word' id='word_1_156' title='bbox 952 3584 1095 3675; x_wconf 86' lang='grc' dir='ltr'><strong><em>ἀέθλων,</em></strong></span> <span class='ocrx_word' id='word_1_157' title='bbox 1210 3611 1215 3618; x_wconf 94' lang='grc'><strong><em>’</em></strong></span> 
     </span>
    </p>
   </div>
   <div class='ocr_carea' id='block_1_6' title="bbox 152 3673 1243 4241">
    <p class='ocr_par' dir='ltr' id='par_1_7' title="bbox 152 3673 1243 4241">
     <span class='ocr_line' id='line_1_28' title="bbox 215 3673 400 3769; baseline -0.032 0"><span class='ocrx_word' id='word_1_158' title='bbox 215 3673 238 3769; x_wconf 70' lang='grc' dir='ltr'><strong>ί.</strong></span> <span class='ocrx_word' id='word_1_159' title='bbox 259 3685 400 3765; x_wconf 72' lang='grc' dir='ltr'><strong><em>θέμις,</em></strong></span> 
     </span>
     <span class='ocr_line' id='line_1_29' title="bbox 152 3781 704 3855; baseline -0.016 -1"><span class='ocrx_word' id='word_1_160' title='bbox 152 3787 189 3855; x_wconf 87' lang='lat'><strong>11.</strong></span> <span class='ocrx_word' id='word_1_161' title='bbox 209 3789 244 3850; x_wconf 82' lang='grc' dir='ltr'><em>Ψ</em></span> <span class='ocrx_word' id='word_1_162' title='bbox 256 3787 400 3851; x_wconf 73' lang='lat' dir='ltr'><strong>css-31</strong></span> <span class='ocrx_word' id='word_1_163' title='bbox 425 3781 571 3849; x_wconf 87' lang='lat' dir='ltr'><strong>Nestoris</strong></span> <span class='ocrx_word' id='word_1_164' title='bbox 592 3781 704 3848; x_wconf 84' lang='lat' dir='ltr'><strong>verba:</strong></span> 
     </span>
     <span class='ocr_line' id='line_1_30' title="bbox 218 3877 1048 3973; baseline -0.008 -19"><span class='ocrx_word' id='word_1_165' title='bbox 218 3879 289 3954; x_wconf 73' lang='grc' dir='ltr'><strong><em>εἴθ’</em></strong></span> <span class='ocrx_word' id='word_1_166' title='bbox 316 3883 362 3960; x_wconf 77' lang='grc' dir='ltr'><strong>ὣς</strong></span> <span class='ocrx_word' id='word_1_167' title='bbox 382 3879 537 3973; x_wconf 80' lang='grc' dir='ltr'><strong><em>ἡβώοιμι,</em></strong></span> <span class='ocrx_word' id='word_1_168' title='bbox 560 3889 616 3971; x_wconf 93' lang='grc' dir='ltr'><strong>βίη</strong></span> <span class='ocrx_word' id='word_1_169' title='bbox 638 3885 755 3966; x_wconf 86' lang='grc' dir='ltr'><strong><em>τέμοι</em></strong></span> <span class='ocrx_word' id='word_1_170' title='bbox 778 3879 922 3964; x_wconf 76' lang='grc' dir='ltr'><strong><em>ἐ’μπεόος</em></strong></span> <span class='ocrx_word' id='word_1_171' title='bbox 946 3881 1007 3970; x_wconf 80' lang='grc' dir='ltr'><strong><em>ε’ίη,</em></strong></span> <span class='ocrx_word' id='word_1_172' title='bbox 1040 3877 1048 3896; x_wconf 79' lang='grc'>’</span> 
     </span>
     <span class='ocr_line' id='line_1_31' title="bbox 217 3977 1087 4072; baseline -0.009 -17"><span class='ocrx_word' id='word_1_173' title='bbox 217 3987 263 4068; x_wconf 81' lang='grc' dir='ltr'><strong>ὡς</strong></span> <span class='ocrx_word' id='word_1_174' title='bbox 285 3984 392 4055; x_wconf 81' lang='grc' dir='ltr'><strong><em>ὁπότε</em></strong></span> <span class='ocrx_word' id='word_1_175' title='bbox 412 3979 551 4072; x_wconf 79' lang='grc' dir='ltr'><strong><em>κρείοντ’</em></strong></span> <span class='ocrx_word' id='word_1_176' title='bbox 573 3979 781 4071; x_wconf 74' lang='grc' dir='ltr'><strong><em>Ἀμαρυγκέα</em></strong></span> <span class='ocrx_word' id='word_1_177' title='bbox 803 3983 941 4051; x_wconf 87' lang='grc' dir='ltr'><strong><em>θάπτον</em></strong></span> <span class='ocrx_word' id='word_1_178' title='bbox 959 3977 1087 4050; x_wconf 83' lang='grc' dir='ltr'><strong><em>Ἐπειοί</em></strong></span> 
     </span>
     <span class='ocr_line' id='line_1_32' title="bbox 222 4080 1243 4176; baseline -0.009 -16"><span class='ocrx_word' id='word_1_179' title='bbox 222 4093 435 4176; x_wconf 81' lang='grc' dir='ltr'><strong><em>Βουπρασίῳ,</em></strong></span> <span class='ocrx_word' id='word_1_180' title='bbox 459 4087 612 4165; x_wconf 79' lang='grc' dir='ltr'><strong><em>παῖδες</em></strong></span> <span class='ocrx_word' id='word_1_181' title='bbox 636 4080 667 4151; x_wconf 85' lang='lat' dir='ltr'><strong>d&#39;</strong></span> <span class='ocrx_word' id='word_1_182' title='bbox 695 4086 852 4153; x_wconf 82' lang='grc' dir='ltr'><strong><em>ἐ’θεσαν</em></strong></span> <span class='ocrx_word' id='word_1_183' title='bbox 873 4087 1076 4174; x_wconf 81' lang='grc' dir='ltr'><strong><em>βασιλῆος</em></strong></span> <span class='ocrx_word' id='word_1_184' title='bbox 1099 4081 1243 4154; x_wconf 85' lang='grc' dir='ltr'><strong><em>ἀεθλα.</em></strong></span> 
     </span>
     <span class='ocr_line' id='line_1_33' title="bbox 1067 4190 1099 4241; baseline 0 -15"><span class='ocrx_word' id='word_1_185' title='bbox 1067 4190 1099 4241; x_wconf 72' lang='grc'><strong>1*</strong></span> 
     </span>
    </p>
   </div>
   <div class='ocr_carea' id='block_1_7' title="bbox 0 0 1556 4766">
    <p class='ocr_par' dir='ltr' id='par_1_8' title="bbox 0 0 1556 4766">
     <span class='ocr_line' id='line_1_34' title="bbox 0 0 1556 4766; baseline 0 0"><span class='ocrx_word' id='word_1_186' title='bbox 0 0 1556 4766; x_wconf 95' lang='lat' dir='ltr'><strong> </strong></span> 
     </span>
    </p>
   </div>
  </div>
 </body>
</html>
