3088 4774
507 337 540 393 A.
568 337 618 390 DE
637 335 872 392 senensibus,
1226 339 1267 396 65

114 515 284 576 contentus
306 515 390 592 erat,
418 509 476 576 sed
499 511 615 575 lineam
638 509 740 591 magis
762 508 859 574 etiam
882 529 1014 575 curvare
1036 509 1201 594 studebat,
1231 517 1267 578 ut

113 633 185 678 rem
207 611 405 678 subtiliorem
428 622 460 676 et
474 613 695 696 perfectiorem
709 610 839 676 faceret.
875 609 969 688 Quod
983 619 1019 676 ut
1034 618 1265 695 assequeretur,

114 733 180 780 non
195 712 364 796 gradatim,
387 713 445 780 sed
460 735 501 781 ex
521 715 600 798 ipsis
622 713 802 779 carceribus
825 713 915 793 equis
937 713 1086 779 admissis
1108 720 1265 780 certantes

113 814 203 881 misit
233 814 303 895 (13:
338 814 527 896 ἐκθέουσιν,
562 814 730 897 decurso:
762 815 797 880 id
824 815 921 897 igitur
949 815 1138 883 excurrendi
1165 835 1265 898 genus

113 917 279 1002 adhibuit,
313 919 399 999 quod
428 939 486 985 nos
516 916 716 998 „fliegenden
745 917 851 983 Start“
882 919 1072 995 vocamus.¹)
1118 919 1266 998 Namque

112 1019 238 1104 primus
260 1020 338 1086 ordo
362 1021 392 1086 b.
408 1040 435 1087 e.
457 1026 646 1104 postremus,
669 1039 742 1085 cum
763 1019 921 1101 utrimque
943 1018 1091 1085 admissis
1113 1019 1204 1101 equis
1223 1017 1266 1083 ad

113 1121 221 1186 exitus
249 1121 381 1188 recondi
410 1123 529 1188 ordinis
557 1121 730 1187 stationum
752 1128 899 1204 venerat,
928 1121 993 1186 iam
1022 1121 1180 1187 afferebat
1207 1121 1265 1187 ali-

114 1229 269 1304 quantum
295 1224 434 1308 impetus
462 1222 669 1307 (‚,lebendige
691 1221 835 1306 Kraft“),
865 1240 928 1303 quo
957 1224 1052 1306 paulo
1080 1229 1155 1307 post
1184 1223 1267 1288 bunc

113 1324 291 1390 secundum
313 1324 456 1391 ordinem
480 1346 520 1391 ex
543 1326 607 1390 otio
630 1323 731 1404 („tote
753 1323 882 1408 Krete)
903 1326 1080 1408 profectum
1103 1323 1266 1390 celeritate

113 1434 290 1510 superaret
319 1429 400 1492 Item
421 1427 580 1493 secundus
602 1426 680 1492 ordo
701 1423 816 1490 eadem
840 1425 882 1492 de
895 1446 992 1492 causa
1012 1427 1184 1511 superabat
1204 1433 1265 1491 ter-

115 1528 205 1610 tium,
222 1529 332 1594 tertius
347 1536 503 1611 quartum,
519 1529 657 1610 denique
668 1527 847 1612 proximum
861 1529 1025 1611 proximus
1037 1529 1182 1610 quisque.
1205 1529 1266 1596 Ac·

115 1627 202 1695 cedit
218 1629 297 1694 illud
313 1632 420 1713 etiam,
436 1631 521 1712 quod
537 1631 752 1697 crescentibus
767 1631 809 1695 ab
825 1630 951 1696 embolo
967 1627 1009 1693 ad
1024 1633 1182 1714 porticum
1196 1653 1266 1699 ver·

114 1751 171 1797 sus
193 1732 390 1814 singularum
412 1734 585 1799 stationum
611 1732 790 1799 intervallis
813 1729 857 1816 (p.
874 1730 938 1813 56),
961 1749 1024 1812 quo
1047 1732 1118 1813 quis
1140 1734 1266 1815 longius

114 1832 158 1898 ab
175 1833 303 1899 embolo
317 1839 457 1900 remotus
480 1844 557 1917 erat,
581 1857 619 1901 eo
634 1835 754 1900 maiore
775 1834 879 1916 spatio
901 1833 1081 1916 proximam
1103 1855 1124 1901 a
1144 1854 1180 1902 se
1202 1845 1266 1901 sta-

114 1935 234 2000 tionem
257 1936 402 2002 sortitum
423 1936 688 2020 praeoccupabat.
733 1934 890 2013 Quocirca
916 1955 1015 2019 prope
1038 1943 1175 2003 rostrum
1203 1959 1267 2004 non

114 2055 208 2100 arcus
236 2035 346 2103 circuli
368 2038 428 2104 GH
451 2039 565 2120 fiebat,
595 2037 653 2102 sed
675 2036 760 2101 linea
789 2037 891 2119 magis
919 2042 1049 2103 curvata
1071 2039 1145 2122 KL,
1177 2041 1266 2107 cuins

115 2157 235 2202 cornua
255 2140 397 2206 medium
419 2141 592 2207 maioribus
614 2139 772 2222 utrimque
794 2139 906 2222 spatiis
927 2139 986 2204 GK
1010 2145 1042 2205 et
1058 2139 1115 2202 HL
1137 2158 1266 2224 supera·

114 2241 194 2304 bant
215 2257 311 2320 quarn
334 2260 426 2309 arcus
447 2242 534 2307 illius
555 2241 625 2306 GH.
645 2259 659 2312 r:
670 2243 713 2306 At
729 2240 776 2305 ita
796 2241 869 2305 viae
892 2240 934 2305 ab
955 2241 1018 2307 hac
1039 2240 1125 2306 linea
1146 2242 1267 2308 falcata

116 2347 148 2408 et
176 2343 351 2425 parabolae
379 2344 476 2409 simili
504 2342 548 2408 ad
576 2350 693 2408 metam
722 2342 912 2408 exteriorem
939 2343 1172 2426 percurrendos
1201 2345 1266 2410 iam

113 2462 179 2508 non
201 2445 284 2509 inter
304 2464 340 2511 se
362 2465 465 2529 pares,
487 2446 545 2511 sed
568 2445 742 2511 exteriores
762 2444 966 2509 interioribus
987 2443 1150 2511 breviores
1165 2451 1264 2513 erant.

116 2548 159 2610 At
183 2544 243 2610 hoc
264 2547 368 2630 ipsum
397 2548 517 2631 optime
544 2567 585 2612 ex
613 2547 772 2613 sententia
794 2545 945 2613 Oleoetae
965 2544 1090 2611 fiebat·
1118 2550 1266 2633 Namque

114 2644 275 2727 siquidem
298 2649 446 2715 celeritas
468 2650 540 2731 equi
564 2650 717 2714 currentis
739 2668 811 2728 non,
835 2655 869 2712 ut
891 2649 937 2713 rei
960 2649 1089 2715 exalto
1113 2649 1265 2734 cadentis,

116 2768 244 2833 semper
266 2770 367 2832 usque
388 2752 432 2817 ad
451 2749 547 2815 finem
563 2769 672 2815 cursus
687 2751 864 2830 aequaliter
879 2751 1002 2831 crescit,
1024 2751 1082 2815 sed
1097 2773 1153 2834 per
1168 2753 1266 2821 breve

115 2856 241 2916 tanturn
262 2854 401 2936 spatium
424 2852 449 2916 C
471 2853 538 2916 fere
561 2857 748 2932 metrorum,
774 2851 849 2930 equi
872 2868 998 2933 quoque
1019 2853 1113 2934 primi
1136 2854 1265 2928 ordinis,

116 2953 173 3016 ubi
193 2960 268 3017 sunt
290 2953 403 3019 literae
426 2953 455 3016 K
478 2958 511 3018 et
531 2953 573 3035 L,
599 2953 646 3018 ibi
668 2953 863 3017 celeritatem
885 2952 950 3016 iam
973 2955 1212 3036 compleverant
1234 2965 1266 3022 et

115 3052 190 3120 inde
213 3054 255 3117 ad
269 3055 313 3121 Ml
341 3055 418 3119 etN
441 3055 603 3135 aequabili
618 3055 790 3119 velocitate
813 3052 988 3118 currebant.
1026 3053 1066 3119 Ei
1081 3075 1156 3120 vero
1181 3059 1264 3140 equi,

117 3155 172 3237 qui
187 3156 317 3240 propius
332 3157 374 3221 ab
390 3156 516 3221 embolo
533 3156 749 3237 constiterant,
772 3154 969 3220 celeritatem
984 3155 1096 3221 eodem
1113 3164 1264 3241 ternpore,

117 3275 180 3338 quo
203 3257 298 3340 primi
321 3256 440 3322 ordinis
462 3256 602 3323 nondum
625 3257 881 3337 cumulaverant,
904 3255 962 3322 sed
983 3258 1145 3340 augebant
1167 3261 1265 3325 etiarn

116 3380 173 3442 per
195 3359 357 3439 quoddam
379 3360 533 3444 spatium,
564 3359 654 3441 quia,
684 3359 739 3422 ubi
766 3360 884 3424 lineam
912 3358 1053 3423 lunatam
1078 3361 1164 3425 KRL
1192 3382 1265 3427 con-

116 3461 346 3542 sequebantur,
377 3461 517 3527 nondum
545 3460 631 3525 idem
660 3459 746 3540 quod
774 3461 894 3543 primus
922 3460 1015 3542 ordo,
1049 3461 1108 3527 sed
1137 3464 1264 3529 brevius

116 3563 254 3646 spatium
278 3568 538 3646 percucurrerant
561 3567 592 3626 et
614 3580 652 3626 eo
675 3562 812 3644 brevius,
836 3580 897 3642 quo
919 3563 1050 3644 propius
1073 3565 1114 3628 ab
1137 3566 1263 3632 embolo

117 3685 134 3730 e
157 3665 337 3732 carceribus
358 3665 492 3750 profecti
514 3669 613 3729 erant.
649 3664 700 3728 Ita
714 3661 821 3745 fiebat,
846 3669 879 3728 ut
894 3665 967 3746 equi
985 3667 1090 3748 ipsum
1105 3668 1264 3748 utrimque

115 3777 251 3832 rostrum
274 3768 509 3851 contingentes,
539 3766 593 3846 qui
614 3764 781 3829 novissimi
810 3767 1038 3846 excurrebant,
1068 3767 1264 3835 celeritatem

116 3875 184 3935 tum
213 3869 340 3934 demum
363 3870 559 3951 complerent
567 3915 574 3948 ,
603 3885 675 3930 cum
696 3865 834 3950 spatium
863 3868 1149 3950 permansierant,
1178 3871 1266 3951 quod

203 4089 226 4149 t)
244 4085 299 4142 Gir.
313 4084 516 4141 Lebndorffium
534 4101 561 4154 p.
576 4087 616 4140 28.

165 4179 289 4221 sortior.
1044 4173 1059 4221 5
