3096 4766
503 329 540 384 11.
565 328 617 384 DE
634 327 757 383 LAEVO
775 326 884 383 GYRO.
1228 327 1270 385 45

182 503 376 572 Delineavi
398 501 453 569 hic
473 503 613 587 vestigIa
635 502 770 568 duorum
794 521 947 585 equorum
970 502 1099 568 sinistra
1126 501 1269 584 alterius,

76 605 243 674 alterius
280 607 396 672 dextra
422 604 707 688 quadrupedantis.
756 603 868 687 Longe
903 604 1092 686 saopIssime
1127 603 1201 685 equi
1231 621 1269 668 eo

79 719 261 795 tempore
285 713 359 774 sunt
380 707 468 790 picti,
491 725 555 788 quo
572 706 802 790 posterioribus
816 704 954 788 pedibus
968 705 1030 772 nisi
1045 706 1222 770 anteriores
1236 705 1271 770 in

82 816 209 881 altum
226 811 358 893 tollant,
374 808 451 891 quia
465 809 512 875 sio
522 807 770 892 pulcherrimam
782 802 924 891 'speeiem
934 807 1091 890 praebent
1102 811 1145 882 (v.
1156 806 1221 871 tab.
1233 805 1271 883 1).

85 915 198 994 Quos
225 919 339 979 autem
361 910 487 994 lincoIIs
510 910 593 976 inter
615 930 650 977 se
673 911 841 994 coniunxi,
864 928 921 976 eos
942 908 1044 993 pedes
1066 907 1182 975 eodem
1203 907 1271 973 fere

87 1025 266 1099 tempore
287 1015 319 1079 tn
341 1013 441 1077 altum
462 1012 533 1077 tolli
548 1012 692 1078 indicare
706 1012 805 1078 volui.
843 1011 954 1094 Equus
969 1012 1054 1077 enim
1070 1007 1272 1094 quadrupedi

90 1116 274 1184 incedens
302 1115 366 1180 alio
395 1119 507 1180 tenore
534 1113 636 1196 pedes
661 1114 746 1179 tollit
767 1120 864 1196 atque
886 1112 1047 1197 gradatim
1068 1118 1124 1179 aut
1145 1111 1271 1179 tolutim

93 1227 163 1287 aut
188 1239 247 1302 eo,
270 1236 365 1301 quem
385 1235 445 1283 nos
464 1205 572 1281 ‘Pass'
598 1216 814 1298 appellamus,
836 1215 948 1298 gaon.
991 1213 1088 1293 Quod
1109 1233 1187 1282 vero
1210 1212 1273 1280 hoc

95 1325 181 1389 loco
208 1321 355 1385 maxime
377 1323 487 1384 nostra
509 1319 655 1399 interest,
687 1316 779 1383 vides
802 1335 919 1398 equum
942 1318 1072 1384 sinistra
1093 1315 1273 1400 quadrupe·

97 1424 251 1491 dantem
278 1421 424 1487 sinistros
452 1419 569 1502 pedes,
599 1424 636 1485 et
659 1419 854 1484 anteriorem
883 1424 914 1483 et
941 1421 1168 1502 posteriorem,
1199 1424 1273 1484 ante

97 1525 268 1606 dextros,
292 1527 325 1589 et
345 1521 539 1588 anteriorem
562 1526 595 1586 et
615 1521 842 1604 posteriorem,
864 1539 1002 1605 ponere,
1025 1540 1143 1604 equum
1165 1525 1274 1587 autem

98 1627 236 1693 dextra
265 1623 563 1707 quadrupedantum
590 1621 722 1689 eosdem
751 1622 884 1689 dexbos
911 1622 1011 1706 pedes
1039 1628 1115 1688 ante
1141 1621 1273 1689 eosdem

99 1730 278 1795 sinistros.
322 1725 395 1791 Hoc
422 1725 515 1807 signo
543 1725 640 1791 facile
668 1744 793 1807 semper
822 1742 1013 1808 cognosces,
1046 1743 1111 1806 qua
1138 1725 1274 1807 quisque

100 1849 221 1914 equus
244 1825 515 1910 quadrupedatim
536 1826 745 1908 ingrediatur.
782 1827 894 1893 Potest
916 1827 1013 1892 etiam
1035 1844 1138 1908 equus
1155 1831 1274 1891 utrum·

102 1951 178 2016 que
203 1929 342 2013 gradum
361 1929 407 1993 ita
421 1929 504 1993 inter
518 1947 554 1993 se
567 1928 713 2011 miscere,
736 1933 771 1992 ut
786 1928 927 2010 exempli
942 1927 1048 2010 gratia
1062 1929 1274 1995 anterioribus

104 2032 260 2117 pedibus
283 2031 413 2097 sinistra
433 2028 665 2112 quadrupedet,
687 2029 919 2111 posterioribus
934 2028 1128 2095 decussatim
1143 2029 1274 2095 dextra:

107 2134 240 2202 eadem
262 2133 360 2198 etiam
383 2136 495 2197 eontra
516 2133 635 2196 valent.
673 2130 768 2196 Hunc
788 2129 925 2214 gradum
945 2149 1006 2196 nos
1018 2120 1272 2213 ‘Krenngalopp³

109 2254 286 2303 vocamus.
320 2232 429 2300 Habes
445 2231 539 2298 buius
555 2251 682 2316 quoquc
697 2234 730 2296 in
745 2233 940 2315 imaginibus
955 2233 1144 2315 exemplab,
1165 2251 1276 2314 quam-

109 2358 222 2422 quam
250 2335 292 2401 ab
321 2334 481 2417 equitibus
508 2336 728 2417 maximopere
749 2334 937 2418 repudiatur
958 2340 1055 2417 atque
1083 2336 1131 2400 ita
1150 2331 1277 2417 ingredi

112 2439 328 2507 inexercitati
349 2443 382 2502 et
403 2437 479 2519 equi
500 2442 533 2502 et
554 2437 672 2518 equitis
693 2443 752 2522 est,
775 2436 852 2519 quia
874 2456 973 2520 eques
994 2457 1058 2503 non
1081 2437 1222 2502 molliter
1243 2441 1278 2501 ut

112 2545 152 2610 in
177 2541 270 2608 cunIs
293 2544 454 2622 movetur,
485 2538 542 2605 sed
564 2537 644 2604 dure
671 2541 849 2621 perontItur
876 2558 1024 2622 equoque
1053 2541 1157 2623 magIs
1187 2539 1276 2604 labo-

115 2643 259 2710 randum
280 2660 336 2723 ac,
364 2659 406 2706 ne
427 2642 564 2724 ungulas
590 2641 738 2723 collidat,
768 2641 945 2708 verendum
967 2643 1018 2708 sit
1062 2642 1152 2708 Haec
1180 2643 1278 2725 igitur

117 2745 277 2827 exempla
297 2762 356 2826 pro
378 2742 581 2809 multitudiue
609 2744 774 2809 rarissima
794 2751 881 2810 sunt:
912 2745 1101 2827 saepissIme
1124 2744 1214 2826 equi,
1243 2750 1278 2808 ut

119 2847 259 2930 debent,
280 2850 368 2910 recte
388 2844 550 2910 Incedunt.
594 2842 675 2910 Cum
695 2864 772 2910 vero
795 2866 837 2912 ex
859 2845 923 2927 eis,
952 2864 1037 2929 quae
1058 2865 1156 2928 supra
1176 2844 1277 2910 disse·

118 2951 258 3032 ruimus,
280 2945 533 3029 exspectandum
547 2946 589 3011 sit
604 2965 704 3027 equos
726 2945 928 3012 decertantes
950 2966 1060 3012 omnes
1083 2965 1210 3029 semper
1232 2948 1279 3011 ita

121 3052 230 3134 pictos
246 3066 327 3130 esse,
351 3053 385 3112 ut
399 3048 529 3114 sinistra
543 3046 797 3130 quadrupedem,
819 3048 994 3114 nonnullae
1014 3049 1172 3131 imagines
1195 3048 1279 3114 hano

126 3169 332 3182 ...ae—

216 3238 240 3298 1)
259 3229 382 3286 Gerbard
400 3230 507 3285 Auseri.
525 3245 565 3298 gr.
585 3230 618 3283 V.
637 3229 693 3283 tab.
712 3227 840 3285 LXXXV
864 3246 948 3300 equus
970 3229 1007 3284 ad
1029 3230 1166 3284 sinistram
1189 3230 1279 3300 equite

124 3335 240 3376 vacuus.
275 3315 365 3371 XCIII
387 3315 441 3369 duo
465 3314 527 3384 equi
549 3318 576 3368 et
594 3328 698 3368 cerrus.
734 3313 852 3371 CLXIV.
872 3316 951 3372 CXC.
970 3313 1131 3370 CCLXVIII
1147 3330 1233 3384 equus
1251 3315 1280 3369 in

126 3405 216 3475 clipeo
233 3401 332 3472 pictus.
360 3397 515 3466 cccxxn,
534 3402 549 3453 2
568 3413 653 3467 equus
671 3398 774 3454 dexter.
802 3397 956 3466 CCCXXX,
975 3404 990 3454 2
1008 3400 1168 3469 Hippolytes
1185 3415 1278 3468 equus.

127 3487 254 3545 Gcrhurd
276 3484 402 3553 Abbildg.
420 3501 455 3538 zu
479 3483 504 3537 d.
522 3499 579 3551 ges.
597 3484 642 3538 ak.
661 3483 778 3552 Abbdlg.
801 3482 873 3537 Berl.
894 3486 968 3537 1868.
993 3485 1050 3540 tab.
1069 3485 1109 3538 111
1132 3485 1185 3540 duo
1209 3486 1278 3553 equi

127 3571 276 3644 Inghimmi
286 3569 354 3626 Vasi
368 3568 440 3624 fittili
453 3569 488 3624 11.
506 3569 562 3623 tab.
576 3568 664 3624 cxlv
675 3569 794 3638 Pegasus
806 3567 834 3623 iu
852 3567 939 3637 clipeo
952 3569 1051 3637 pictus.
1074 3570 1242 3624 Lenormant
1253 3578 1281 3625 et

129 3660 163 3714 de
182 3657 267 3712 Witte
285 3656 328 3710 El.
348 3652 403 3710 cer.
421 3655 457 3709 11.
476 3655 533 3709 tub.
547 3653 608 3708 (th
626 3653 649 3707 Β
667 3654 761 3709 dexter
778 3653 924 3722 quadrigae
942 3669 1036 3723 equus.
1073 3653 1147 3710 Mon.
1166 3655 1191 3710 d.
1211 3655 1278 3711 Inst.

129 3744 182 3798 vol.
194 3741 268 3798 VIII.
277 3742 334 3794 tab.
343 3739 441 3796 XLIV.
459 3740 511 3794 vol.
521 3738 609 3794 VIIII.
620 3740 675 3793 tab.
686 3738 744 3804 LX,
755 3743 771 3792 2
782 3738 876 3792 dexter
885 3752 979 3808 equus.
997 3739 1048 3794 vol.
1059 3738 1094 3794 X.
1103 3740 1159 3794 tab.
1169 3739 1237 3794 XIII
1247 3742 1279 3796 B.

130 3827 204 3882 XIV.
223 3827 256 3882 L.
282 3824 382 3879 Muller
401 3824 564 3878 Denkm'aler
582 3828 641 3879 594.
668 3823 740 3878 Mus.
758 3822 839 3891 erog.
852 3823 904 3878 vol.
917 3823 952 3877 11.
971 3824 1027 3877 tab.
1040 3823 1180 3890 XXXVII,
1201 3830 1237 3879 la
1254 3832 1281 3880 et

132 3912 165 3978 L,
184 3917 221 3966 la
238 3909 301 3980 equi
318 3909 498 3964 consideranti
514 3909 603 3979 primi.
638 3908 751 3964 Videbis
768 3908 850 3962 etiam
871 3908 900 3962 in
917 3907 1098 3963 Parthenonis
1115 3910 1280 3979 hyperthyro

132 3995 263 4051 nonnulla
280 3994 409 4062 exemplu.
437 3992 540 4048 Horum
559 3993 678 4049 omnium
695 3993 880 4062 exemplorum
897 3996 1003 4063 partem
1014 4007 1070 4047 non
1087 3993 1120 4048 de
1137 3993 1279 4059 industria,

132 4080 179 4136 sed
198 4095 247 4150 per
264 4079 457 4147 neglegentiam
474 4079 514 4133 ita
532 4078 566 4132 ab
584 4077 689 4133 artifice
706 4079 807 4147 pictam
825 4092 894 4134 reor.
