3088 4774
545 317 576 372 B.
604 317 655 371 DE
674 317 892 373 TARAXIPPO.
1254 319 1292 378 97

143 488 294 571 Ansicht,
318 489 395 557 dass
417 491 619 575 Taraxippos
641 493 690 558 als
712 492 867 558 Beiname
893 491 951 558 des
973 492 1134 559 Poseidon
1156 492 1294 575 Hippios

143 611 184 656 zu
206 590 393 657 betraclrten
415 593 472 676 sei,
496 613 564 658 was
586 614 640 659 um
654 613 690 660 so
712 601 858 676 grossere
877 592 1224 660 Wahrscheinlichkeit
1247 615 1295 661 er-

144 692 229 775 halt,
252 712 346 759 wenn
368 713 442 758 man
465 701 604 777 erwtgt,
626 694 701 762 dass
724 695 777 761 bei
799 693 863 759 den
886 693 1047 762 Griechen
1068 695 1134 761 und
1156 697 1295 763 Remern

144 793 309 860 Poseidon
336 795 517 878 uberhaupt
546 798 617 862 eine
645 796 798 880 wichtige
825 797 919 862 Rolle
947 797 1007 862 aul
1032 797 1089 863 der
1117 797 1295 863 Rennbahn

144 895 260 977 spielte
282 895 348 961 und
370 895 446 964 dass
468 896 552 964 auch
575 899 619 963 im
639 896 819 965 rdmischen
835 897 945 965 Circus
968 899 1021 965 die
1036 899 1199 972 Ziels'anle
1222 898 1296 964 dem

145 996 314 1079 Neptunus
337 1007 485 1081 equester
505 1000 681 1083 gewidmet
702 991 824 1076 war’.¹t
860 1001 983 1067 Neutra
1004 1021 1102 1068 causa
1124 999 1296 1083 quicquam

146 1099 250 1164 valet:
278 1119 337 1166 nec
358 1102 461 1184 prior,
484 1103 561 1184 qnia
581 1102 749 1185 Neptunus
769 1102 803 1166 in
824 1103 917 1168 circis
939 1122 1003 1168 non
1024 1101 1099 1168 ideo
1122 1102 1296 1186 colebatur,

146 1199 234 1283 quod
247 1220 346 1284 equos
358 1210 500 1286 terreret,
513 1203 571 1269 sed
582 1203 668 1286 quod
681 1222 781 1285 equos
796 1223 971 1286 eorumque
983 1205 1124 1270 fautores
1135 1204 1297 1287 tuebatur,

146 1321 208 1368 nec
222 1304 333 1388 altera,
349 1305 426 1387 quia
444 1303 668 1388 Olympiacum
686 1305 908 1389 Taraxippnm
925 1325 989 1371 non
1007 1307 1039 1370 in
1057 1310 1142 1371 meta
1159 1306 1298 1388 positum

146 1405 246 1472 fuisse
262 1406 340 1472 satis
355 1405 436 1472 mihi
450 1406 564 1472 videor
578 1406 825 1474 demonstrasse.
859 1408 903 1474 Ut
918 1407 1034 1474 Graeci
1049 1409 1184 1475 alteram
1198 1415 1298 1475 meta·

147 1527 217 1572 rum
234 1506 482 1590 Hippodamiae,
503 1508 636 1575 circensi
653 1507 788 1592 heroidi,
805 1509 967 1574 Pausania
988 1515 1069 1575 teste
1085 1516 1298 1594 sacraverant,

147 1609 195 1674 ita
209 1609 345 1675 Romani
366 1630 424 1675 suo
447 1609 581 1676 circensi
596 1610 718 1676 numini
739 1630 865 1677 sacram
887 1612 1021 1676 alteram
1044 1630 1115 1677 esse
1138 1614 1300 1694 volebant,

148 1711 309 1796 Neptuno,
332 1713 468 1778 fortasse
491 1731 529 1777 eo
552 1713 702 1794 consilio,
725 1719 760 1777 ut
780 1712 958 1795 periculum
982 1718 1101 1777 metam
1123 1714 1299 1780 ambeunti·

148 1813 209 1881 bus
223 1815 390 1880 minueret.
429 1812 536 1890 Quare
550 1814 632 1879 nihil
653 1813 745 1879 aliud
759 1814 816 1880 illa
839 1813 1077 1896 comparatione
1100 1815 1205 1881 evinci
1220 1813 1300 1879 mihi

150 1915 279 1982 videtur
300 1915 363 1981 nisi
379 1915 574 1982 Pausaniam
597 1934 724 1999 quoque
746 1914 841 1980 eaad
856 1914 973 1980 salsam
995 1934 1087 1981 suam
1109 1917 1300 1982 sententiam

150 2038 172 2083 a
192 2016 468 2118 veritatededuci
489 2017 641 2100 potuisse.

236 2118 376 2185 Proinde
394 2119 541 2185 videmus
556 2117 750 2185 Pausaniam
772 2118 855 2183 forte
869 2117 996 2183 fortuna
1012 2118 1189 2201 Taraxippi
1211 2119 1300 2184 fabu-

150 2224 199 2288 las
221 2220 336 2288 eodem
359 2221 470 2288 ordine
493 2220 684 2302 reddidisse,
707 2239 770 2302 quo
792 2224 935 2302 tempore
956 2219 1183 2302 progrediente
1203 2220 1303 2304 pede-

151 2325 297 2406 temptim
326 2329 412 2390 ortas
440 2342 495 2390 eas
525 2341 596 2390 esse
624 2321 822 2387 simillimum
852 2327 901 2388 est
929 2321 1006 2386 veri.
1051 2319 1148 2386 Forte
1176 2321 1303 2386 lortuna

151 2427 241 2492 dico:
268 2445 343 2490 nam
365 2425 395 2492 si
416 2445 472 2491 eas
494 2423 556 2491 hac
577 2425 702 2490 ratione
724 2442 911 2490 enumerare
934 2423 1105 2505 voluisset,
1133 2443 1197 2488 non
1220 2442 1302 2507 earn,

151 2549 248 2613 quam
264 2527 518 2609 antiquissimam
534 2547 573 2594 ac
587 2527 798 2610 principalem
818 2525 966 2608 ducebat,
988 2524 1163 2591 novissime
1178 2525 1302 2608 posuis-

152 2637 202 2698 set
223 2632 254 2707 (ξ
271 2631 309 2694 18
326 2637 477 2696 exeunte:
500 2622 517 2693 δ
543 2627 578 2693 δὲ
601 2625 851 2706 πιθανώτατος,
876 2624 950 2708 ἐμοὶ
974 2625 1091 2705 δοκεῖν,
1114 2627 1181 2690 τιῦν
1197 2623 1302 2710 λόγων

152 2729 366 2806 Ποσειδῶνος
389 2728 562 2814 ἐπίκλησιν
585 2725 671 2795 εἶναι
693 2731 753 2795 τοῦ
772 2723 906 2794 ‘Ianicu
929 2731 1054 2815 φησίν).

238 2835 344 2917 Atque
372 2838 407 2898 ut
433 2832 575 2915 lepidum
603 2839 731 2900 nostrae
759 2831 800 2897 de
823 2831 1016 2915 Olympiaco
1037 2829 1224 2914 Taraxippo
1248 2849 1302 2895 ex·

153 2936 319 3021 plicationi
347 2933 443 3000 linem
470 2935 687 3016 imponamus,
716 2953 812 2998 unam
841 2932 982 3014 denique
1011 2934 1080 2999 eius
1108 2933 1303 2997 mentionem

153 3039 244 3104 lubet
264 3036 393 3104 adicere
414 3034 640 3101 mathematico
656 3035 856 3118 problemate
875 3033 1042 3099 inclusam.
1074 3031 1217 3108 (Anthol.
1234 3031 1303 3097 Pal.

155 3139 232 3205 XIV
248 3144 296 3217 4),
326 3135 412 3221 quod
439 3137 491 3204 cui
520 3139 657 3220 tempori
686 3134 889 3202 tribuendum
917 3134 976 3216 sit,
1005 3132 1062 3199 vix
1090 3135 1192 3215 possit
1217 3145 1304 3199 certo

154 3242 329 3309 enucleari:

282 3333 432 3428 Αὐγείην
454 3336 575 3425 ἐρέεινε
595 3342 679 3423 μέγα
703 3341 824 3413 οθένος
842 3328 1026 3413 Ἀλκείδαο,

284 3439 421 3530 πληθδν
441 3441 625 3526 βουκολέων
649 3438 836 3527 διζήμενος·
861 3435 898 3515 δς
921 3429 952 3502 δ’
979 3428 1193 3517 άπάμειτττο·

285 3538 412 3631 »Ἀμφὶ
433 3543 493 3626 μὲν
511 3535 686 3629 Ἀλφειοῖο
709 3539 799 3628 ῥοὰς,
823 3541 931 3628 φίλος,
953 3529 1055 3626 ἥμισυ
1078 3536 1198 3604 τῶνδε·

284 3649 384 3731 μολρη
409 3638 441 3709 δ’
467 3637 610 3731 ὀγδοάτη
633 3638 739 3726 ὄχθον
761 3642 891 3729 Κρόνου
916 3634 1177 3727 ἀμφινέμονται·

286 3740 452 3835 δωδεκάτη
477 3741 509 3813 δ’
536 3740 711 3811 ἀπάνευθε
736 3742 974 3830 Ταραξίπποιο
998 3733 1082 3824 παρ’
1110 3739 1197 3824 ἱράν·

287 3843 377 3935 άμφὶ
399 3842 432 3914 δ’
460 3843 515 3934 ἄρ’
535 3844 661 3916 Ἤλιδα
684 3849 759 3914 δῖαν
782 3843 929 3932 έεικοοτὴ
954 3847 1171 3928 νεμέθονται·

246 3991 269 4052 1)
282 3985 356 4038 llaec
367 3982 403 4036 ad
414 3983 523 4037 verbum
536 3998 570 4037 ex
582 3983 666 4052 Pauly
679 3979 886 4052 encyclopaedia
898 3978 1021 4047 antiquit.
1035 3994 1057 4033 s.
1069 3994 1094 4032 ν.
1107 3975 1308 4046 Hippodrcmus

158 4069 291 4142 prompsit
308 4071 419 4123 auctore
437 4083 490 4121 non
508 4068 653 4122 nominato.

210 4163 331 4205 Pollsck.
1088 4152 1101 4200 7
