3088 4774
526 251 560 305 A.
585 249 636 303 DE
654 249 889 306 GARCERJBUS.
1246 255 1286 314 71

118 421 309 488 verisimile
332 421 466 502 videtur,
493 422 573 488 haec
594 423 786 505 perscrutari
808 405 840 490 et
862 424 1045 505 excogitare
1066 425 1216 509 permitto
1238 423 1284 490 in-

120 525 230 606 genio
252 523 425 590 fabrorum.
458 523 572 591 Vectes
587 522 735 589 videntur
756 525 892 591 adhibiti
907 524 1014 608 fuisse,
1037 524 1195 607 siquidem
1218 525 1285 592 del-

120 627 251 712 pbinus
273 625 307 690 in
329 645 443 708 scapo,
467 626 521 708 qui
542 625 643 692 vectis
666 633 730 710 est,
752 627 879 693 iacebat
901 628 1032 708 eiusque
1054 626 1158 711 capite
1181 628 1286 693 suble·

122 733 210 793 vato
233 727 324 795 humi
345 726 491 794 cadebat.
535 727 605 794 Hoc
626 726 732 811 potius
754 728 971 810 quaerendum
998 736 1062 810 est,
1090 749 1146 795 cnr
1174 729 1287 795 horum

123 829 336 913 potissimum
358 827 542 894 animalium
564 828 759 911 simulacris,
781 851 844 898 non
865 831 1000 896 aliorum
1022 830 1064 895 ad
1087 831 1170 896 huuc
1191 829 1286 896 finem

125 930 284 997 Glecetes
311 949 388 997 usus
416 931 467 996 sit.
519 929 589 996 Hoc
616 950 679 996 non
705 935 840 1016 temere,
869 931 927 998 sed
953 932 1102 1016 religiose
1131 933 1222 1014 fecit,
1252 931 1286 997 id

126 1030 223 1115 qnod
249 1032 321 1115 ipsa
349 1052 406 1097 ara
432 1030 600 1097 indicatur.
644 1033 728 1096 Nam
756 1053 827 1099 cum
856 1033 924 1099 indi
953 1031 1113 1118 Olympici
1134 1033 1204 1100 Iovi
1232 1032 1287 1101 de-

128 1133 235 1200 dicati
257 1139 378 1218 essent,
401 1140 477 1217 apte
498 1131 611 1215 fiebat,
635 1133 721 1214 quod
743 1135 862 1217 aquila,
888 1136 975 1201 Iovis
998 1136 1075 1218 ales,
1098 1135 1203 1218 passis
1226 1136 1286 1201 alis

127 1235 164 1300 in
189 1254 298 1301 acrem
325 1235 515 1301 sublevatus
543 1233 682 1300 numinis
703 1236 774 1301 loco
797 1237 923 1318 signum
944 1235 1197 1321 incipiendorum
1220 1256 1284 1302 cer·

128 1337 290 1402 taminum
313 1334 413 1401 dabat
435 1343 468 1401 et
489 1337 685 1404 certantibus
700 1344 853 1420 tanquam
867 1338 938 1421 ipse
953 1337 1033 1404 deus
1054 1337 1175 1404 aderat.
1210 1339 1286 1404 Del·

129 1439 252 1524 phinns
274 1443 381 1504 autem
404 1437 563 1522 Neptuno,
586 1438 708 1503 numini
730 1458 892 1522 equorum,
907 1459 998 1504 sacer
1020 1446 1097 1523 erat,
1121 1440 1175 1522 qui
1197 1461 1286 1506 aram

131 1539 197 1605 sibi
225 1539 408 1606 dedicatam
436 1539 468 1604 in
490 1557 587 1623 prora
608 1539 791 1624 habebat.¹)
835 1540 914 1607 (ium
936 1562 1012 1607 vero
1041 1542 1169 1623 aquilae
1190 1542 1232 1608 sit
1252 1543 1287 1607 in

132 1661 243 1708 aerem
266 1640 447 1722 escendere,
471 1640 615 1725 delphini
635 1641 669 1706 in
692 1662 780 1707 mare
798 1641 951 1725 demergi,
974 1643 1027 1709 hic
1042 1643 1083 1710 de
1105 1643 1231 1710 embolo
1253 1643 1287 1710 in

135 1764 266 1810 arenam
282 1741 403 1808 decidit
421 1741 514 1827 quasi
529 1741 632 1808 undas
646 1744 813 1827 petiturus.
853 1744 1023 1811 Praeterea
1038 1753 1174 1810 rostrum
1195 1747 1287 1812 navis

134 1844 288 1929 delphino
311 1863 424 1909 ornare
452 1849 577 1909 veteres
605 1844 767 1909 solebant:
796 1851 871 1928 apte
897 1844 995 1928 igitur
1022 1844 1075 1909 hic
1104 1864 1231 1929 quoquc
1253 1848 1286 1913 in

133 1951 236 2012 rostro
264 1965 381 2030 prorae
409 1944 545 2009 iacebat.
595 1944 665 2010 Nec
692 1966 769 2012 vero
798 1946 879 2012 haee
908 1943 971 2012 duo
1000 1946 1093 2030 signa
1120 1950 1287 2017 suffecisse

136 2049 292 2114 existimo.
339 2048 422 2112 Nam
451 2045 577 2111 etiamsi
605 2046 749 2127 aquilam
775 2048 809 2114 in
836 2049 936 2113 altum
965 2049 1141 2115 saluisse
1171 2048 1220 2131 (ἐς
1246 2047 1284 2115 τὸ

137 2143 205 2214 ἅνω
228 2147 353 2236 πηδᾶν)
374 2147 553 2213 Pausanias
574 2146 667 2231 dicit,
696 2153 803 2216 tamen
831 2149 954 2214 tardius
982 2149 1043 2216 hoc
1064 2150 1133 2216 fieri
1155 2172 1287 2218 necesse

137 2259 213 2335 erat,
237 2270 333 2332 quam
355 2250 468 2316 uttale
483 2249 629 2315 mittendi
651 2249 787 2332 signum,
811 2251 906 2334 quale
924 2269 977 2316 res
998 2253 1191 2335 postulabat,
1215 2273 1286 2320 esse

138 2359 255 2436 posset.
288 2351 432 2431 Accedit,
456 2349 543 2432 quod
558 2356 716 2418 certantes
734 2353 852 2438 qnippe
867 2351 1058 2419 stationibus
1072 2353 1186 2420 inclusi
1206 2355 1287 2421 talia

138 2457 229 2538 signa
250 2453 507 2522 animadvertere
530 2453 658 2519 omnino
680 2475 744 2522 non
770 2460 926 2539 poterant.
971 2453 1074 2520 Credo
1095 2455 1194 2537 igitur
1213 2478 1285 2542 prc-

139 2559 238 2641 prinm
261 2555 362 2640 ipsius
384 2557 500 2622 missus
522 2555 647 2640 signum
661 2557 741 2622 tuba
755 2557 866 2624 datum
882 2575 962 2640 esse,
985 2556 1102 2642 quippe
1125 2575 1208 2638 quae
1229 2580 1288 2644 per

140 2660 234 2725 breve
249 2662 374 2742 tempus
389 2677 507 2723 sonans
522 2658 564 2723 ab
580 2658 726 2724 omnibns
740 2659 807 2725 late
821 2659 1044 2744 perciperetur.
1077 2659 1147 2725 Hoc
1161 2661 1286 2744 signum

140 2761 298 2826 veteribus
327 2760 360 2825 in
389 2759 614 2825 certaminibus
645 2760 795 2826 usitatum
817 2759 916 2826 fuisse
944 2762 1124 2845 complures
1146 2763 1208 2829 loci
1232 2765 1285 2830 de·

140 2865 321 2944 monstrant,
344 2879 424 2942 quos
446 2860 536 2927 lubet
557 2862 681 2928 afferre.
729 2864 732 2870 '

142 2999 236 3080 Soph.
252 2998 301 3062 El.
318 2999 375 3060 711
402 2997 435 3060 in
455 2996 595 3079 Pythiis:

422 3115 544 3202 χαλκῆς
565 3110 651 3181 ὑπαὶ
674 3113 857 3200 σάλπιγγος
877 3100 969 3201 ᾖξαν.

141 3246 339 3256 .-.----

224 3322 248 3382 1)
265 3317 347 3370 Paus.
360 3316 385 3369 V
400 3320 440 3380 15,
453 3321 480 3369 5:
501 3312 560 3377 ,Ἐν
576 3315 607 3372 δὲ
623 3319 683 3371 τῶν
697 3311 796 3372 ἳππων
807 3319 843 3386 τῇ
859 3311 968 3386 οἷφέσει,
985 3313 1017 3372 ἐν
1028 3315 1081 3384 pto
1093 3320 1135 3391 τῷ
1151 3311 1286 3393 ὑπαίθρῳ

143 3405 188 3475 τῆς
200 3397 329 3472 ἀφέσεως
340 3395 430 3457 κατὰ
448 3399 562 3469 μέσον
574 3419 643 3456 που
659 3395 816 3468 μάλιστα
829 3394 1130 3466 ΠοσειδῶνοςἾππίοο
1140 3392 1287 3474 καὶἭρας

144 3489 209 3546 εἰσὶν
220 3485 332 3552 Ἱππίας
347 3482 453 3558 βωμοί,
470 3480 545 3557 πρὸς
562 3484 592 3541 δὲ
609 3487 652 3559 τῷ
667 3486 742 3539 κίονι
755 3480 951 3555 Διοσκούρων.
981 3484 1047 3539 Cum
1065 3484 1147 3539 etiam
1163 3485 1211 3539 illa
1228 3503 1286 3552 ara,

146 3573 186 3627 eui
201 3572 291 3642 aquila
308 3569 517 3639 superimposita
534 3574 602 3634 erat,
619 3570 647 3623 in
658 3569 747 3623 media
763 3569 821 3623 fere
837 3585 920 3638 prora
937 3574 1022 3623 staret
1033 3570 1081 3636 (Vl
1094 3575 1134 3635 20,
1149 3576 1192 3625 11:
1210 3567 1285 3629 κατὰ

145 3653 191 3729 τὴν
207 3653 329 3732 πρῴραν
345 3650 468 3724 μάλιστα
481 3673 539 3711 που
549 3654 652 3726 adona:
671 3669 733 3707 nam
744 3652 832 3707 media
844 3668 926 3722 prora
937 3661 965 3708 et
975 3653 1092 3708 medium
1103 3655 1197 3723 oppidi
1208 3671 1286 3725 aper-

145 3747 197 3796 tum
216 3743 335 3812 spatium
357 3739 427 3793 idem
445 3742 510 3794 sunt
527 3740 627 3806 loeus),
650 3739 804 3808 fingendum
826 3743 868 3793 est
885 3744 941 3793 tres
960 3754 1035 3804 aras,
1057 3739 1143 3806 Iovis,
1167 3739 1287 3808 Neptuni

145 3827 286 3896 Equestris,
298 3825 410 3880 Iunonia
423 3824 572 3894 Equestris,
590 3839 682 3879 omnes
694 3839 779 3894 prope
790 3824 906 3878 mediam
916 3839 1025 3893 proram
1037 3827 1191 3879 exstructas
1201 3825 1287 3881 fuisse

145 3912 180 3964 ita
201 3913 320 3980 quidem,
342 3915 374 3965 ut
390 3911 474 3978 Iovis,
500 3909 544 3965 cui
560 3908 633 3964 illam
657 3908 747 3979 aquila
765 3914 887 3964 ornatam
910 3908 1061 3964 dedicatam
1077 3907 1161 3964 fuisse
1180 3925 1285 3974 censeo,

146 3995 254 4051 medium
270 3997 362 4051 locum
379 3995 522 4051 obtineret.
