3088 4774
267 265 308 326 72
660 263 695 318 A.
722 261 773 316 DE
791 260 1027 318 GAROERIBUS.

268 438 326 506 Or.
342 437 418 504 liet
436 437 468 503 X
484 440 556 520 652,
580 435 635 502 nbi
655 434 793 520 pedibus
814 434 966 500 Atalante
989 438 1023 502 et
1043 433 1260 518 Hippomenes
1283 439 1428 500 certant:

375 557 477 640 Signa
498 555 595 622 tubae
617 552 783 636 dederant,
805 572 878 618 cum
900 573 1027 619 carcere
1049 571 1167 636 pronus
1190 560 1325 635 uterque

374 657 508 740 Emicat,
532 664 565 724 et
585 675 741 722 summam
764 653 860 722 celeri
881 653 965 739 pede
987 653 1069 720 libat
1090 655 1253 722 harenam.

268 775 348 845 stat.
365 776 467 843 uueu.
485 776 527 841 V1
537 781 605 860 ,τοι
628 774 660 840 in
681 771 826 839 Nonou:

372 895 517 962 Insonuit
539 900 649 960 contra
671 892 873 976 Tyrrhenum
896 911 1045 973 murmur,
1068 897 1101 957 et
1123 911 1233 958 omnes

372 996 541 1063 Exsiluere
566 997 647 1061 loeo.

266 1116 372 1200 Apoll.
388 1115 456 1181 Sid.
472 1135 569 1180 carm.
583 1113 696 1180 XXIII
712 1115 875 1177 339-41:

246 1257 250 1266 ’
372 1231 518 1300 Tandem
540 1252 700 1298 murmure
722 1229 858 1296 bucinae
879 1228 1050 1313 strepentis

374 1336 554 1418 Suspensas
576 1333 704 1400 tubicen
726 1350 845 1398 vocans
867 1331 1040 1414 quadrigas

371 1433 515 1502 Effundit
536 1436 656 1502 celeres
677 1435 710 1500 in
732 1454 812 1499 arra
833 1453 951 1500 currus.

350 1551 434 1633 Quid
458 1553 545 1635 quod
566 1554 607 1619 de
629 1552 708 1618 tuba
729 1552 827 1616 etiam
848 1552 881 1616 in
904 1550 1102 1635 Olympiacis
1128 1552 1332 1632 equestribus
1354 1573 1422 1618 eer-
1523 1569 1524 1588 ³

265 1654 438 1720 inminibus
466 1654 614 1720 adbibita
641 1675 682 1720 ex
709 1653 779 1737 ipso
809 1659 917 1718 nostro
947 1659 1077 1720 auctore
1106 1654 1344 1735 comperimus?
1388 1657 1421 1720 Is

265 1757 350 1823 enim
381 1757 415 1822 in
448 1755 562 1823 eodem
595 1762 687 1823 sexto
721 1756 804 1821 libro
831 1752 898 1836 (13,
926 1753 977 1835 9),
1012 1754 1067 1820 ubi
1101 1773 1217 1836 equam
1250 1756 1420 1840 Phidolae‚

263 1861 385 1924 Auram
407 1857 550 1938 nomine,
582 1877 717 1926 excusso
739 1857 847 1938 equite
868 1855 970 1922 nihilo
999 1856 1104 1922 minus
1133 1857 1241 1923 omnia
1262 1859 1419 1924 curricula

265 1961 440 2027 coniecisse
463 1965 495 2026 et
516 1958 632 2026 vicisse
654 1966 778 2042 narrat,
808 1958 889 2026 baec
917 1959 1018 2024 verba
1039 1957 1132 2024 iacit:
1167 1960 1243 2036 ,καὶ
1266 1953 1363 2025 οὐδέν
1383 1987 1418 2027 τι

263 2053 365 2149 ἧσσον
386 2064 518 2126 θέουσα
540 2057 574 2126 ἐν
596 2058 711 2146 κόσμῳ
733 2065 815 2146 περέ
835 2082 873 2124 τε
893 2055 953 2146 τὴν
981 2055 1104 2126 νύσσαν
1128 2057 1330 2149 ἐπέστρεφε,
1361 2065 1418 2130 καὶ

264 2161 340 2230 ἐπεὶ
361 2165 421 2250 τῆς
443 2161 627 2248 σάλπιγγος
648 2156 796 2250 ἤκουσεν,
819 2158 1017 2241 ἐπετάχυνεν
1038 2158 1071 2237 ἐς
1086 2163 1190 2229 πλέον
1205 2160 1265 2228 τὸν
1282 2162 1415 2248 δρόμον,

264 2264 394 2352 φθάνει
421 2287 458 2330 τε
485 2262 525 2352 δὴ
555 2263 611 2329 ἐπὶ
640 2262 719 2341 τοὺς
737 2260 967 2340 Ἑλλανοδίκας
996 2255 1180 2352 ἀφικομένη
1209 2266 1266 2330 καὶ
1292 2269 1416 2332 νικῶσα

264 2366 346 2452 ἐ’γνω
368 2369 424 2434 καλ
446 2365 592 2431 παύεται
613 2367 673 2430 τοῦ
697 2364 852 2451 δρόμον.“
898 2364 1020 2444 Quibus
1047 2387 1088 2432 ex
1110 2367 1219 2434 verbis
1242 2368 1303 2434 viri
1331 2368 1416 2435 docti

264 2470 485 2536 concluserunt
506 2473 678 2549 certantes,
709 2468 982 2551 quotienscunque
1004 2475 1123 2536 metam
1146 2469 1336 2536 exteriorem
1359 2471 1415 2538 cir·

263 2571 543 2647 eumvcherentur,
574 2568 691 2633 totiens
713 2567 760 2632 ibi
787 2567 935 2633 tubarum
965 2571 1123 2637 concentu
1148 2570 1306 2638 salutatos
1335 2591 1413 2656 esse,

263 2691 326 2756 quo
355 2670 453 2736 animi
482 2675 514 2734 et
541 2669 756 2750 agonistarum
787 2675 819 2735 et
848 2689 1000 2752 equorum
1030 2672 1073 2736 ad
1095 2672 1310 2757 superandum
1333 2672 1413 2757 peri·

263 2774 368 2838 culum
391 2769 653 2836 confirmarentur
675 2771 771 2837 etad
794 2773 991 2839 celeritatem
1011 2774 1226 2841 incitarentur.
1266 2775 1308 2842 Ut
1323 2775 1412 2842 omit-

263 2883 330 2941 tam
352 2874 410 2940 tali
431 2873 597 2957 repentino
621 2873 771 2956 clangore
795 2893 894 2956 equos
914 2877 1020 2959 potius
1035 2875 1214 2961 perturbari
1230 2895 1326 2957 quam
1342 2897 1413 2944 con-

261 2977 381 3044 firmari
409 2983 441 3043 et
470 2995 570 3059 prope
599 2982 716 3041 metam
750 2977 903 3062 impetum
935 2980 1042 3063 potius
1074 2977 1285 3052 inhibendum
1318 2997 1412 3061 quam

262 3078 444 3161 augendum
467 3077 583 3162 fuisse,
611 3085 647 3144 ut
669 3078 786 3145 deinde
808 3082 1060 3164 praetermittam
1084 3099 1237 3164 quaerere
1244 3129 1253 3161 ,
1283 3100 1412 3146 curnam

261 3182 295 3246 id
318 3199 417 3265 prope
440 3181 630 3246 exteriorem
653 3186 771 3246 metam
794 3182 896 3247 solam
919 3203 977 3248 nec
1000 3183 1098 3247 etiam
1115 3201 1218 3265 prope
1231 3182 1411 3248 interiorem

261 3285 381 3350 factum
403 3283 445 3346 sit
465 3317 507 3326 —
529 3302 604 3347 nam
626 3282 687 3347 hoc
710 3284 899 3367 saepissime
929 3287 1103 3370 neglegunt
1129 3303 1192 3349 non
1215 3303 1326 3368 unam,
1355 3285 1412 3350 sed

262 3384 342 3450 duas
364 3390 467 3448 metae
489 3383 622 3467 paribus
649 3385 716 3450 sere
745 3381 984 3452 condicionibus
1013 3387 1111 3452 luisse
1134 3420 1194 3470 -,
1221 3385 1321 3450 verba
1342 3385 1411 3468 ipsa

263 3484 420 3554 eiusmodi
448 3483 704 3569 interpretationi
726 3493 914 3570 repugnant
958 3488 1049 3552 Tunc
1071 3488 1155 3552 enim
1184 3507 1242 3572 pro
1272 3479 1410 3572 ἥκουσαν

261 3595 392 3673 propter
420 3586 589 3669 repetitam
618 3586 776 3653 actionem
799 3588 1034 3672 exspectandus
1061 3592 1109 3652 est
1130 3589 1294 3672 optativus
1316 3581 1410 3654 ἀνιού-

263 3710 361 3755 σειεν.
395 3679 610 3768 Ἐπετάχονεν
632 3693 791 3772 potestat
813 3692 1032 3774 imperfectum
1055 3696 1087 3753 et
1108 3692 1247 3757 aoristus
1262 3710 1349 3758 esse:
1373 3711 1410 3757 er

261 3790 436 3857 indicativo
465 3788 576 3855 acristi
605 3781 744 3874 ἤκουσεν
774 3792 926 3856 aoristum
956 3807 1027 3855 esso
1055 3799 1197 3874 apparet.
1242 3793 1327 3875 Ergo
1350 3813 1409 3859 non
1504 3865 1508 3876 ,

262 3893 399 3977 repetita
420 3890 503 3957 actio
526 3901 560 3955 ut
581 3890 681 3956 verbo
711 3891 914 3959 antecedenti
943 3887 1144 3978 ἐπέστρεφε,
1176 3892 1262 3975 quod
1284 3895 1409 3979 saepius

262 4000 430 4075 utramque
452 3998 571 4078 metam
595 3987 668 4077 (τὴν
691 3991 828 4076 νύσσαν)
851 3992 1008 4076 ambibat,
1039 3993 1098 4060 sed
1120 4014 1183 4060 una
1204 4001 1236 4061 et
1264 3997 1408 4064 absolute
