3088 4774
523 284 558 338 A.
585 283 636 338 DE
655 283 893 341 GAROERIBUS.
1246 289 1285 348 81

126 454 258 538 cepisse
279 460 379 540 putet,
403 456 458 538 qui
474 455 516 521 ad
531 476 628 522 unam
651 457 851 541 eandemque
870 460 1078 526 certationem
1100 461 1133 526 in
1155 480 1287 527 arenam

126 555 385 639 descendissent,
410 577 465 624 eos
487 578 551 624 non
574 579 637 626 uno
654 559 821 626 universos
838 559 948 643 missu,
971 561 1029 627 sed
1044 563 1190 645 pluribus
1213 584 1286 630 con·

126 659 229 724 tinuis
259 659 376 726 missos
405 678 476 726 esse
498 660 544 724 ita
566 659 713 742 quidem,
742 667 777 725 ut
805 660 909 748 primo
936 665 1091 745 postremi
1115 665 1286 748 utrobique

125 759 265 826 totidem
290 781 328 827 eo
351 761 458 843 modo,
482 779 545 843 quo
560 760 644 827 dixit
658 761 847 845 Pausanias,
868 764 1078 848 mitterentur,
1100 767 1285 852 novissime,
1403 769 1408 780 '

125 861 186 926 ubi
215 862 263 926 illi
285 861 329 927 ad
357 868 494 928 rostrum
517 882 580 928 uuo
609 862 722 929 ordine
749 864 921 947 exaequati
947 868 1185 950 pervenissent,
1213 888 1285 952 pro·

125 963 211 1027 ximi
233 963 275 1030 ab
298 964 439 1030 embolo:
469 965 517 1031 sic
538 984 601 1029 non
622 984 687 1029 una
709 971 840 1031 cunctos
862 971 1036 1050 certantes,
1059 967 1117 1035 sed
1138 970 1285 1052 pluribus

126 1065 289 1131 continuis
318 1066 474 1132 frontibus
505 1065 693 1132 decurrisse.
735 1057 924 1150 ‘Denique',
953 1069 999 1135 ait
1017 1063 1147 1152 ‘quibus
1169 1070 1285 1139 adver·

126 1165 260 1232 sissima
280 1186 350 1233 sors
372 1166 530 1234 cecidisse
551 1168 625 1234 visa
648 1174 742 1251 esset,
765 1169 903 1250 optimas
926 1172 1079 1237 stationes
1101 1173 1283 1257 accepisse,

126 1268 247 1350 quibus
268 1275 376 1334 autem
399 1269 540 1335 maxime
557 1290 625 1336 sors
640 1271 784 1354 favisset,
807 1271 1008 1354 iniquissima
1026 1294 1100 1340 usos
1116 1294 1187 1341 esse
1210 1296 1283 1343 con-

126 1369 268 1455 dicione,
292 1389 388 1454 quam
412 1390 466 1437 eos
488 1371 594 1453 perita
614 1372 834 1439 moderatione
856 1392 1010 1456 equorum
1032 1396 1190 1460 cursuque
1205 1384 1283 1444 tem-

125 1472 255 1554 pestive
283 1473 337 1537 vel
365 1473 574 1554 temperando
602 1475 656 1538 vel
684 1474 847 1541 incitando
875 1475 1027 1542 debuisse
1049 1470 1283 1561 compensare'.
1331 1537 1335 1547 ,

127 1571 224 1650 Quod
240 1574 401 1656 quomodo
417 1572 479 1639 sibi
495 1580 601 1640 mente
617 1575 817 1660 cogitaverit,
833 1596 958 1659 nequeo
973 1581 1172 1660 perspicere:
1195 1581 1285 1647 dictu

126 1664 210 1740 mibi
233 1681 319 1741 certe
341 1675 468 1741 facilius
490 1674 619 1740 videtur
641 1697 712 1743 esse
735 1697 832 1761 quam
847 1679 943 1744 factu.
977 1678 1137 1762 Equidem
1159 1682 1187 1747 si
1202 1702 1283 1749 unus

128 1795 171 1842 ex
194 1777 241 1843 eis
263 1777 405 1859 fuissem,
429 1777 484 1859 qui
506 1777 661 1844 stationes
682 1798 784 1862 prope
805 1781 849 1845 ad
868 1781 1029 1855 embolum
1045 1782 1149 1846 sortiti
1165 1790 1282 1868 essent,

127 1879 238 1944 statim
260 1899 387 1945 cursum
408 1877 571 1944 flexissem
595 1885 627 1943 et
640 1881 765 1962 porticu
779 1882 921 1964 Agnapti
936 1882 1049 1947 relicta
1065 1883 1175 1964 iugum
1191 1885 1282 1966 equis

127 1980 351 2063 dempsissem.

215 2083 317 2148 Venio
347 2101 430 2146 nuno
457 2080 500 2146 ad
522 2080 762 2146 Lebudorf
770 2083 785 2146 f
792 2083 896 2165 ium,
926 2101 1022 2166 quem
1051 2083 1111 2162 etsi
1141 2086 1282 2151 omnium

126 2205 234 2250 rerum
256 2183 300 2249 ad
322 2189 450 2249 nostrae
478 2183 594 2248 aetatis
624 2183 782 2248 curricula
803 2185 1029 2267 pertinentium
1052 2185 1281 2266 peritissimum

128 2307 200 2354 esse
223 2285 309 2351 haud
324 2286 448 2369 ignoro,
471 2284 664 2349 Pausaniam
686 2285 947 2367 interpretantem
962 2305 1165 2369 nequaquam
1181 2289 1281 2354 omni·

127 2390 188 2455 bus
218 2407 258 2454 ex
287 2386 432 2471 partibus
460 2406 591 2469 possum
620 2386 838 2469 comprobare.
884 2388 1001 2470 Multa,
1030 2407 1113 2470 quae
1138 2391 1281 2473 protulit,

128 2511 201 2558 cum
217 2479 541 2556 choiseulileouffier
561 2489 720 2554 sententia
742 2490 789 2555 sic
809 2490 1012 2572 conveniunt,
1034 2496 1070 2555 ut
1090 2490 1196 2573 mirer,
1219 2492 1281 2558 nisi

127 2594 169 2659 ab
191 2593 248 2659 illo
270 2591 431 2674 profectus
454 2592 505 2657 sit.
549 2591 697 2656 Konerus
720 2592 754 2655 in
776 2592 952 2658 novissima
980 2592 1086 2674 operis
1112 2594 1162 2658 sui
1184 2613 1282 2676 supra

128 2693 251 2760 laudati
267 2693 408 2759 editione
423 2694 491 2759 eius
507 2693 698 2758 sententiam
714 2699 842 2758 secutus
864 2693 1005 2776 imagine
1029 2692 1092 2776 (fig.
1112 2696 1184 2770 164)
1207 2696 1280 2760 illu-

129 2797 250 2863 stravit.
295 2793 375 2860 (lum
404 2796 512 2860 multis
540 2795 681 2877 priorum
703 2794 927 2862 Lehndorffius
955 2796 1066 2878 aliqua
1093 2796 1127 2860 in
1148 2816 1183 2862 re
1206 2816 1280 2862 con·

128 2898 237 2964 sentit:
266 2915 349 2962 cum·
365 2895 579 2979 Delabordi0‚
614 2895 701 2979 quod
729 2896 887 2979 porticum
914 2901 948 2961 et
976 2895 1087 2978 oppidi
1117 2897 1209 2963 basin
1237 2899 1279 2964 ab

127 3002 228 3065 altero
250 2997 293 3063 ad
309 2998 445 3063 alterum
459 2999 636 3080 marginem
652 2996 858 3080 hippodromi
881 2996 1035 3079 extendit,
1059 3018 1130 3063 cum
1147 2999 1278 3064 Viscon·

127 3103 182 3183 tio,
205 3099 292 3184 quod
307 3101 468 3182 margines
483 3119 555 3164 cum
568 3100 694 3182 porticu
709 3100 911 3182 rectangulos
927 3097 1077 3180 efficiunt,
1093 3105 1128 3163 ut
1142 3105 1279 3165 rostrum

128 3208 238 3269 contm
265 3203 368 3285 ipsam
397 3207 516 3266 metam
545 3201 729 3266 interiorem
759 3201 855 3266 situm
888 3201 945 3283 sit,
978 3219 1050 3265 cum
1078 3199 1277 3267 Ghoiseulio-

127 3303 279 3387 (bouillon,
303 3302 389 3386 quod
411 3323 432 3367 a
453 3302 569 3369 dextra
590 3309 713 3366 tantum
728 3304 782 3367 ala
796 3303 902 3367 mittit.
937 3301 1008 3366 Hoc
1030 3321 1050 3366 a
1072 3302 1180 3368 verbis
1195 3303 1277 3368 Pau·

127 3407 253 3488 saniae,
283 3406 373 3471 cuius
394 3403 493 3469 fidem
514 3405 598 3469 iusto
620 3403 753 3469 minoris
775 3404 944 3486 aestimat,
972 3409 1083 3484 aperte
1105 3403 1276 3487 discrepat.

126 3509 210 3574 Nam
233 3507 319 3590 quod
342 3505 527 3572 Choiseulio
556 3509 599 3588 (p.
616 3507 690 3580 235)
712 3506 926 3588 adstipulatus
948 3503 1138 3571 adverbium
1165 3501 1277 3568 ἑκατέ-

127 3612 237 3694 ρωθεν
253 3611 299 3674 ita
313 3608 471 3690 intellegit
486 3609 529 3690 (p.
546 3609 608 3691 30),
631 3616 666 3671 ut
680 3607 814 3673 funiculi
829 3607 964 3688 singulis
979 3607 1169 3673 stationibus
1184 3627 1276 3690 prae-

126 3711 204 3776 tenti
226 3711 268 3777 ab
290 3715 425 3793 utroque
447 3709 510 3775 fine
532 3709 657 3775 remissi
680 3708 758 3791 sint,
785 3709 930 3791 neglexit
947 3701 1107 3791 'pluralem
1131 3706 1167 3771 αἱ
1189 3705 1277 3792 πρὸς

126 3813 167 3896 τῇ
189 3813 272 3898 στοᾷ
293 3812 335 3896 τῇ
353 3803 545 3894 Ἀγνάπτου
567 3801 743 3896 ὕσπληγες.
788 3810 867 3877 (lum
896 3817 1004 3875 autem
1030 3811 1063 3874 in
1086 3809 1201 3877 dextra
1223 3813 1276 3877 ala

128 3933 189 3978 una
210 3920 332 3979 tantum
356 3914 451 3979 statio
473 3914 610 3996 porticui
634 3913 784 3995 contigua
806 3918 838 3977 et
867 3911 942 3978 huie
970 3912 1100 3978 stationi
1122 3932 1185 3977 uua
1207 3921 1275 3978 tan·

127 4025 191 4082 tum
213 4011 347 4100 ὕσπληξ
366 4020 533 4097 praetenta
555 4015 610 4092 sit,
632 4013 702 4080 fieri
724 4035 788 4080 non
808 4018 924 4096 potest,
947 4013 1024 4095 quin
1046 4012 1088 4078 ad
1110 4016 1275 4098 utriusque

175 4123 299 4164 Pellaek.
1056 4115 1071 4165 6
