3096 4766
404 322 437 377 B.
464 320 515 375 DE
534 319 774 375 HIPPODROMO
791 319 994 376 NONNIANO.
1236 324 1275 382 21

121 495 179 561 ubi
207 501 322 561 natura
349 495 414 560 looi
440 514 504 561 non
533 495 628 560 simul
656 500 689 560 et
710 494 923 578 hippodromo
953 501 986 561 ot
1008 494 1113 562 stadio
1137 497 1276 579 spatium

120 596 308 681 praeheret,
336 597 383 662 ibi
405 602 438 663 et
459 615 603 664 oursoros
625 602 658 663 et
680 598 755 680 equi
784 599 817 663 in
840 597 954 663 oodsm
978 596 1083 663 stadio
1106 602 1275 682 oertarent,

121 703 156 764 et
184 717 256 765 oum
283 699 418 764 altorum
447 698 638 766 ourrioulum
665 699 759 764 alteri
792 700 991 766 simillimum
1025 705 1125 782 esset,
1158 718 1276 766 nomen

121 799 220 866 stadii
249 800 392 882 generali
419 799 559 882 quodam
588 819 647 866 usu
679 819 737 883 pro
766 807 900 885 utroquo
929 808 1115 884 usurpatum
1148 800 1277 867 videtur

121 902 192 980 (eir.
209 900 283 968 Son.
305 900 438 986 Thyest.
455 906 533 966 410:
561 903 681 978 (oerno)
708 902 871 969 celebrata
897 904 1007 970 iuveni
1036 902 1190 987 stadia,
1219 921 1277 986 per

121 1021 207 1085 quae
236 1003 354 1070 nobilis
379 1003 384 1083 Ι
408 1004 549 1086 palmam
576 1008 709 1086 patemo
732 1023 795 1069 non
822 1006 922 1072 semel
952 1024 1070 1072 ourru
1098 1005 1167 1070 tuli.
1212 1003 1276 1070 Dio

121 1103 237 1189 Chrys.
260 1124 304 1171 or.
326 1105 456 1170 XXXII
476 1124 507 1188 p.
524 1107 586 1169 428
607 1126 637 1171 v.
655 1107 695 1170 29
711 1105 762 1171 sd.
778 1105 932 1174 Dindorf:
955 1098 1024 1171 όπδ
1049 1101 1201 1170 σταδίοιο
1223 1128 1276 1170 κε-

121 1203 247 1271 λεύθου
263 1206 305 1273 de
320 1205 543 1290 hippodromo.
577 1205 657 1272 Stat.
674 1205 776 1273 Theb.
793 1207 838 1272 VI
853 1213 914 1275 595
927 1229 996 1292 sqq.
1019 1211 1053 1275 in
1068 1208 1184 1276 eodem
1206 1228 1275 1275 our·

120 1309 235 1391 riculo,
257 1309 313 1374 ubi
335 1309 412 1391 equi
434 1314 655 1390 sucurrerunt,
683 1328 828 1376 oursores
851 1330 977 1394 qnoque
1000 1315 1144 1388 nonant).
1189 1308 1275 1388 Quin
1365 1347 1371 1361 ·

121 1411 221 1477 etiam
249 1411 283 1476 in
311 1411 489 1495 gymnasiis
517 1410 580 1477 nisi
609 1410 778 1494 certando,
806 1418 840 1476 at
861 1418 947 1479 oerto
970 1412 1151 1480 exoroondo
1173 1431 1274 1495 equos

119 1514 261 1596 agitatos
284 1531 354 1579 osse
376 1517 511 1578 testatur
532 1513 622 1579 loeus
637 1511 830 1595 Euripideus
851 1512 982 1596 llippol.
998 1516 1070 1597 229,
1094 1514 1149 1579 ubi
1171 1513 1276 1580 Phae·

121 1614 182 1680 dra
204 1613 402 1681 desiderium
424 1633 524 1697 equos
545 1613 681 1697 regendi
703 1611 754 1680 his
777 1615 923 1680 versibus
944 1617 1160 1699 persequitur:

328 1725 481 1798 δέσποιν’
509 1725 607 1808 ἁλίας
622 1724 764 1816 ’Ἀρτεμι
785 1735 924 1813 Λίμνος

327 1835 383 1897 καὶ
405 1837 647 1917 γυμνασίων
669 1834 751 1896 τιῦν
775 1831 1063 1918 ἱπποκρότων,

328 1931 404 1999 εἴθε
426 1938 582 2017 γενοίμαν
605 1931 639 1998 ἓν
662 1945 735 2008 σοῖς
757 1931 918 2010 δαπέδοις

326 2029 461 2111 πώλους
479 2027 607 2110 'svam
630 2025 885 2115 δαμαλιζομὲνοι.

122 2158 160 2222 In
176 2154 321 2223 eiusdem
337 2156 481 2221 Helenae
497 2175 528 2220 ν.
545 2157 607 2220 208
622 2153 853 2237 hippodromus
869 2173 890 2218 a
904 2153 1072 2236 gymnasio
1088 2155 1295 2222 seoemiturz·

743 2265 772 2350 (δ
797 2262 829 2335 δ’
855 2266 935 2352 ἐμός
956 2267 1070 2348 πόσις)

328 2371 520 2460 ἱππόκροτα
542 2371 680 2439 λέλοιπε
701 2371 834 2438 δάπεδα
854 2370 1021 2457 γυμνάσιά
1041 2397 1079 2438 τε

326 2474 541 2552 δονακόεντος
561 2468 709 2560 Εὐρώτα,
732 2477 866 2540 νεανιᾶν
889 2473 1005 2540 πόνον.
1028 2511 1069 2520 -

205 2598 366 2665 Illustrem
381 2597 489 2662 Nonni
503 2596 752 2679 descriptionem
767 2596 947 2679 perlegenti
964 2594 1045 2660 nihil
1067 2595 1158 2661 dubii
1179 2598 1275 2663 relin-

121 2708 245 2784 quetur,
268 2700 346 2784 quin
367 2706 464 2783 poeta
485 2719 549 2765 non
570 2699 648 2764 solis
670 2698 853 2763 auctoribus
876 2718 951 2764 usus
970 2716 1021 2763 res
1043 2703 1110 2762 tam
1131 2697 1275 2766 dilnoide

121 2823 160 2869 ao
182 2801 399 2886 significanter
414 2800 474 2866 sub
488 2807 655 2882 aspeetum
669 2799 815 2865 subioere
836 2800 986 2882 potuerit,
1009 2798 1067 2866 sed
1082 2801 1149 2866 suis
1172 2803 1274 2868 ooulis

121 2905 210 2987 talia,
232 2903 368 2969 fortasse
391 2900 627 2985 Alexandriae,
649 2899 827 2966 identidem
849 2902 1045 2983 speotaverit
1065 2909 1274 2986 spectataque

121 3006 287 3073 rettulerit.
330 3004 478 3086 Namque
501 3004 631 3086 aurigas
659 3002 829 3085 multiplioi
858 3003 933 3067 dolo
956 3003 1038 3069 inter
1060 3023 1094 3069 se
1117 3011 1274 3070 vexantes

121 3112 185 3189 (vv.
202 3107 362 3183 242-68)
385 3112 417 3170 et
439 3110 654 3188 spectatorum
677 3104 912 3169 multitudinem
931 3105 1046 3170 animis
1062 3105 1273 3172 oonoitatissi-

121 3213 182 3278 mis
205 3209 393 3276 certantium
414 3207 522 3273 uarios
538 3226 630 3272 easns
644 3214 889 3289 persequentem
905 3209 969 3284 (vv.
986 3207 1143 3270 269-78.
1168 3209 1274 3270 439-

123 3315 173 3396 52,
193 3312 382 3395 quibuscum
405 3309 550 3375 oonieras
573 3309 687 3375 Dionis
710 3307 823 3390 Chrys.
842 3329 886 3375 or.
905 3309 1034 3400 XXXII
1045 3329 1075 3392 p.
1090 3309 1151 3371 428
1163 3307 1273 3384 Dind.)

122 3433 223 3496 paene
245 3413 350 3496 magis
373 3412 470 3476 etiam
491 3416 677 3493 praesentes
703 3412 811 3477 verbis
842 3411 1000 3494 expressit
1027 3416 1124 3493 atquo
1147 3408 1273 3474 effinxit

123 3533 218 3597 quarn
240 3513 405 3580 Homerus.
449 3512 628 3595 Praecipue
649 3534 703 3579 vv.
719 3513 866 3577 276-78
888 3513 977 3577 illius
1002 3511 1118 3576 aetatis
1141 3530 1272 3576 eonsue-

123 3615 265 3680 tudinem
286 3634 364 3698 prae
387 3635 422 3682 se
444 3615 562 3681 ferunt:

248 3735 306 3796 καί
326 3756 378 3809 τις
400 3731 469 3799 ἑοῦ
491 3730 719 3816 προκέλεσθον
743 3727 824 3795 ἰδών
846 3728 970 3815 δρόμον
992 3724 1145 3818 ἡνιοχῆος

247 3835 359 3919 χερσὶν
382 3831 638 3921 ἓπεπλατόγησε
659 3834 713 3898 καὶ
737 3830 829 3914 ἰἀχεν
850 3824 961 3918 ἠθόδι
983 3834 1080 3918 φωνῇ

248 3927 438 4021 θαρσύνων,
460 3934 595 4020 persev,
618 3934 777 4020 τρομέων,
801 3931 936 4020 ἐλατῆρι
958 3929 1110 3998 κελεύων.

73 4055 77 4064 ’
122 4057 204 4124 Nam
227 4075 420 4140 quamquam
444 4056 525 4122 illud
546 4074 722 4140 pronomen
746 4051 803 4119 roo
824 4055 871 4120 ita
891 4054 1095 4136 interpretari
1116 4055 1208 4136 lieet,
1237 4061 1272 4119 ut
