3088 4774
259 249 302 309 64
653 249 686 302 A.
714 250 766 305 DE
783 247 1019 305 CARGERIBUS.

260 446 326 492 una
352 429 464 492 recta
491 424 579 490 linea
605 424 720 490 iuxtim
748 424 925 490 cucurrisse
947 423 1003 489 ille
1029 424 1138 490 dicere
1159 423 1315 504 ¹uoluerit,
1346 423 1421 505 sed,

261 544 333 594 oum
356 533 452 592 antea
472 527 547 592 viae
573 527 771 610 singulorum
794 525 941 591 ordinum
962 546 984 591 a
1005 525 1187 591 carceribus
1209 524 1253 588 ad
1275 526 1422 591 exterio·

260 650 329 698 rem
351 635 470 694 metam
490 627 695 711 peragendae
718 626 867 692 diversae
888 627 1020 710 fuerint,
1051 646 1135 692 nunc
1156 625 1318 692 universis
1341 645 1422 692 oon-

262 732 422 799 dicionem
444 737 658 813 exaequatam
682 748 761 796 esse.
802 729 876 794 Non
898 729 983 794 enim
1004 734 1102 813 recta,
1125 727 1183 794 sed
1206 748 1306 794 curva
1329 730 1422 794 linea

260 847 361 919 prope
376 833 536 900 embolum
550 840 608 913 est,
623 830 710 914 quod
726 830 885 913 quomodo
902 829 967 912 fiat,
982 831 1128 913 pluribus
1143 851 1226 897 nuno
1241 849 1420 914 exponam.

261 935 343 1002 (lum
362 936 503 1018 parietes
526 935 696 1002 stationum
717 952 783 999 non
804 941 892 999 recta
913 933 997 999 inter
1011 953 1046 1000 se
1061 933 1204 1016 regione,
1228 932 1287 998 sed
1302 953 1421 1000 omnes

261 1037 304 1104 ad
327 1044 444 1102 metam
468 1036 660 1101 exteriorem
683 1043 846 1117 spectasse
868 1052 966 1118 supra
988 1037 1030 1118 (p.
1046 1035 1099 1113 56)
1122 1035 1315 1117 dixerimus,
1340 1055 1421 1119 ago·

261 1141 365 1206 nisiae
387 1140 484 1204 etiam
506 1138 619 1204 sinon
647 1137 797 1203 admissis
825 1138 933 1202 statim
956 1139 1063 1222 equis,
1097 1136 1155 1202 sed
1177 1135 1341 1219 gradatim
1354 1140 1376 1216 ¹)
1403 1158 1422 1204 e

262 1241 452 1307 stationibus
474 1239 517 1304 ad
539 1247 676 1304 rostrum
697 1241 859 1321 progressi
882 1245 997 1323 essent,
1020 1259 1084 1305 non
1097 1245 1219 1304 rectam
1232 1239 1280 1304 ibi
1294 1240 1421 1306 lineam

262 1344 515 1426 descripsissent,
527 1341 587 1408 sed
598 1349 762 1408 curvatam
773 1343 863 1408 arcui
875 1343 994 1407 circum
1003 1342 1049 1409 Mn
1059 1341 1150 1407 radio
1162 1339 1420 1426 Merescripto

261 1464 387 1528 parem,
421 1442 516 1509 modo
545 1444 788 1526 progredientes
821 1461 946 1526 semper
974 1444 1062 1509 viam
1095 1443 1138 1509 ad
1171 1451 1291 1509 metam
1326 1447 1420 1509 illam
1527 1433 1528 1448 ³

262 1546 471 1612 derexissent.
516 1545 578 1611 Hic
600 1565 693 1611 arcus
715 1544 777 1610 GH
799 1546 987 1610 coeuntibus
1010 1547 1092 1611 inter
1114 1565 1149 1612 se
1171 1547 1275 1628 magis
1297 1548 1419 1628 magis-

262 1668 325 1731 que
348 1646 492 1714 oruribus
515 1647 585 1714 sun
610 1655 642 1713 et
665 1648 740 1714 DMu
766 1648 895 1713 brevior
917 1653 965 1713 est
987 1667 1083 1730 quam
1105 1667 1199 1713 arcus
1216 1647 1272 1713 SD
1296 1649 1418 1714 circum
1527 1728 1529 1741 Ι

263 1749 399 1816 eandem
427 1757 545 1817 metam
575 1750 769 1833 descriptus,
798 1751 854 1832 qui
881 1755 966 1816 totus
995 1751 1201 1832 stationibus,
1230 1751 1258 1816 si
1288 1769 1346 1816 eas
1373 1751 1417 1815 ad

261 1853 351 1917 illum
373 1852 519 1935 reducas,
542 1859 724 1935 occupetur.
766 1851 932 1917 Eiusmodi
955 1871 1048 1917 arcus
1071 1853 1246 1918 contractio
1267 1872 1417 1918 necessa·

262 1955 311 2020 ria
326 1960 384 2037 est,
408 1955 493 2038 quia,
516 1955 544 2020 si
559 1960 718 2020 certantes
734 1973 752 2019 e
767 1954 932 2037 parallelis
955 1955 1137 2020 carceribus
1151 1954 1317 2036 parallelis
1333 1956 1417 2020 inter

262 2079 297 2125 se
320 2059 382 2126 viis
404 2057 644 2141 processissent,
670 2057 790 2122 sinistri
813 2057 954 2139 quinque
976 2075 1076 2122 sexve
1098 2057 1266 2138 agonistae
1287 2065 1417 2140 praeter

262 2167 380 2228 metam
397 2160 580 2226 interiorem
595 2160 629 2223 in
643 2159 772 2224 laevam
792 2177 924 2248 arenam
939 2160 1161 2224 cucurrissent.
1198 2160 1241 2223 At
1256 2161 1312 2242 qui
1326 2165 1417 2224 tanta

262 2284 354 2330 arcus
383 2262 556 2328 contractio
584 2259 656 2326 fieri
684 2259 810 2343 potuit?
855 2259 939 2337 Quia
966 2262 1053 2325 arcui
1078 2260 1139 2325 GH
1167 2260 1282 2326 desunt
1311 2262 1417 2344 spatia

263 2385 424 2432 carcerum
447 2362 622 2445 parietibus
646 2368 817 2444 occupata:
847 2363 902 2443 qui
923 2364 1064 2444 parietes
1086 2364 1164 2429 satis
1193 2362 1276 2427 firmi
1305 2369 1337 2426 et
1359 2363 1416 2428 lati

263 2471 362 2544 erant,
386 2470 421 2529 ut
442 2469 635 2527 vetustatem
657 2462 740 2526 ferre
762 2468 902 2543 possent.
947 2464 1073 2529 Etenim
1096 2464 1232 2548 singulis
1254 2465 1415 2548 utrimque

262 2566 418 2649 agonistis
446 2563 489 2629 ad
518 2562 678 2629 embolum
707 2564 953 2645 procedentibus
987 2571 1109 2630 tantum
1142 2569 1297 2632 introrsus
1328 2569 1414 2632 viam

262 2666 425 2732 declinere
447 2665 581 2749 licebat,
606 2672 759 2748 quantum
781 2667 878 2748 spatii
901 2667 1070 2734 latitudine
1093 2669 1186 2733 unius
1208 2669 1340 2751 parietis
1364 2689 1414 2735 oc·

261 2769 447 2851 cupabatur.
493 2768 578 2851 llrgo
601 2787 693 2834 arcus
717 2769 777 2834 GH
807 2769 934 2835 breuior
963 2775 1011 2835 est
1034 2789 1130 2852 quam
1151 2789 1244 2835 arcus
1266 2768 1322 2835 SD
1345 2772 1414 2836 lati-

262 2868 373 2935 tudine
401 2875 586 2937 cuuctorum
613 2871 781 2953 parietum.
826 2871 897 2937 Hoc
924 2872 1036 2954 fiebat,
1067 2878 1101 2936 ut
1129 2871 1286 2954 diximus,
1317 2873 1413 2938 etiam

262 2971 422 3054 gradatim
443 2972 732 3055 progredientibus.
771 2973 840 3038 Neo
860 2993 938 3040 vero
961 2975 1017 3039 tali
1041 2974 1152 3040 circuli
1174 2993 1250 3039 arcu
1266 2973 1413 3041 Oleoetas

350 3161 373 3222 l)
391 3156 483 3211 Verba
500 3155 652 3210 Pausaniae
670 3161 735 3222 (13):
762 3150 820 3219 πΤὸ
841 3150 899 3215 ἀπὸ
919 3153 1024 3216 τούτου
1046 3157 1075 3216 δὲ
1092 3152 1143 3228 ἤδη
1160 3157 1341 3228 καθέστηκεν
1357 3155 1412 3214 tal·

262 3245 343 3308 δειξις
364 3235 518 3311 ἐπιστήμης
541 3259 573 3297 τε
594 3238 720 3312 ἡνιόχων
741 3245 790 3298 καὶ
809 3237 909 3300 ἵππων
932 3236 1090 3315 madente&
1116 3258 1133 3296 a
1155 3243 1259 3305 multis,
1284 3242 1411 3313 imprimis

262 3325 456 3394 Frsneogallis,
475 3324 513 3377 ita
531 3326 669 3380 intellecta
687 3332 759 3390 sunt,
778 3329 856 3395 quasi
873 3328 919 3381 ille
931 3327 1021 3381 dicere
1035 3327 1166 3382 voluisset
1178 3327 1315 3394 agonistas
1328 3342 1411 3396 usqua

262 3426 294 3465 eo
318 3409 403 3479 gradu
427 3424 583 3478 progressos
607 3413 673 3465 tunc
696 3412 801 3466 demum
824 3412 945 3465 habenas
963 3411 1099 3465 effudisse.
1136 3411 1213 3478 Quod
1237 3412 1337 3465 falsum
1354 3427 1410 3466 esse

260 3511 305 3550 res
327 3497 390 3565 ipsa
412 3496 521 3549 clamat.
561 3493 635 3550 Nihil
657 3498 730 3552 aliud
751 3499 840 3551 inesse
863 3496 929 3548 mihi
951 3495 1056 3548 videtur
1079 3495 1145 3558 nisi,
1169 3513 1229 3550 cum
1251 3500 1333 3551 antea
1356 3497 1411 3551 riae

261 3582 364 3648 aurigis
388 3580 535 3636 stationum
558 3580 711 3636 detectione
733 3582 813 3652 quasi
828 3581 1064 3650 praeciperentur,
1087 3595 1162 3634 nuuc
1186 3583 1224 3636 eis
1242 3582 1294 3636 iter
1313 3587 1408 3650 patere,

263 3668 373 3720 etcum
396 3671 477 3720 antea
500 3681 563 3734 pars
587 3680 717 3734 equorum
739 3668 828 3721 otiosa
850 3664 1029 3728 constitisset,
1053 3679 1125 3718 nunc
1148 3665 1255 3720 demum
1272 3666 1409 3721 universos

263 3765 379 3814 currere,
398 3751 508 3804 uthina
526 3749 637 3819 proprie
655 3751 840 3806 uniuersorum
858 3748 971 3804 certatio
989 3747 1110 3817 incipiat.
1143 3747 1242 3803 Mirum
1260 3751 1288 3804 in
1306 3751 1409 3808 modum

262 3833 330 3887 haec
354 3835 489 3904 simplicia
513 3850 545 3888 ac
568 3847 656 3903 paene
680 3849 881 3904 supervacanea
904 3834 986 3887 verba
1007 3833 1171 3903 interpretes
1189 3835 1408 3890 sollicitaverunt:

262 3919 343 3972 etiam
361 3917 553 3972 Lehudcrffius
577 3926 613 3989 tp.
627 3923 669 3986 27)
691 3921 777 3974 multa
801 3921 859 3974 sine
880 3918 953 3973 iusta
976 3932 1059 3972 causa
1081 3919 1110 3973 in
1128 3933 1161 3973 ea
1178 3920 1316 3974 ventilavit
1333 3927 1408 3989 atqua

261 4003 424 4058 Pausaniam
441 4003 590 4072 imperitiae
606 4005 748 4059 incusavit.
