3096 4766
230 303 269 360 10
507 300 541 355 A.
569 300 619 354 DE
637 299 875 355 HIPPODROMO
893 298 1092 354 domnaldo.

314 471 490 550 πολλάκις·
514 464 591 538 οὐδέ
612 499 669 557 μιν
692 470 817 550 ἐσθλὸς
839 469 901 537 dciv
925 469 1124 560 Καπανήιος
1145 466 1218 545 υἱὸς

313 575 449 662 κάμψαι
471 573 636 642 insudare
654 580 777 661 χερσίν,
800 571 896 641 ἐπεὶ
918 567 950 662 ῥ’
977 573 1039 640 ἔτι
1062 575 1153 660 νῆις
1175 564 1345 636 ἀέθλων

314 679 446 756 ἵππος
469 678 552 765 ἔην·
574 680 668 765 γενεῇ
689 701 726 764 γε
747 675 808 762 μὲν
831 668 869 743 οὗ
891 674 999 757 κακός,
1023 668 1108 747 ἀλλὰ
1131 679 1232 740 docto

315 784 502 847 docuisses
524 784 617 865 γένος
640 777 732 845 ἔσκεν
751 771 916 865 Ἀρίονος.

231 901 301 983 (cfr.
316 901 414 968 etiam
429 900 587 986 Koechlyi
609 899 880 983 commentarium,
903 898 958 981 qui
973 902 1038 964 tres
1060 894 1181 963 similes
1195 897 1283 964 locos
1305 916 1380 962 cum

229 1005 290 1071 hoc
319 1002 506 1088 comparat.)
552 1002 644 1068 Idem
676 1003 753 1068 iacit
785 1003 871 1068 illius
900 1007 992 1087 pater
1025 999 1252 1066 inclutissimus
1279 999 1380 1065 Arion

229 1106 316 1191 apud
331 1106 480 1191 Statium,
502 1111 537 1171 ut
559 1106 620 1171 hoo
642 1104 821 1172 hereditate
845 1105 995 1172 traditum
1010 1106 1123 1189 putare
1143 1101 1248 1188 possis
1262 1100 1378 1184 (Theb.

230 1208 274 1273 Vl
296 1206 390 1291 413):
654 1275 808 1342 Necnon
831 1281 862 1342 ct
883 1273 1061 1341 Thessalus
1083 1272 1178 1340 her0⁸

357 1377 424 1461 Spe
445 1375 593 1461 propiore
616 1379 709 1462 calet,
733 1376 809 1443 dum
832 1397 895 1444 non
918 1375 1086 1443 cohibente
1108 1374 1261 1460 magistro

357 1478 524 1564 Spargitur
545 1479 578 1544 in
599 1499 697 1565 gyros
720 1478 896 1562 dexterque
919 1484 1046 1546 exerrat
1066 1477 1175 1544 Arion.

314 1601 427 1681 ltaque
443 1597 497 1680 qui
519 1618 619 1682 equos
642 1597 675 1665 in
691 1604 852 1667 certamen
873 1598 999 1667 mittere
1013 1599 1176 1681 volebant,
1199 1597 1245 1665 eis
1266 1596 1300 1662 id
1322 1619 1380 1682 po-

230 1700 387 1768 tissimum
409 1699 602 1767 studendum
624 1710 703 1786 erat,
724 1707 759 1767 ut
781 1701 854 1768 illos
877 1708 981 1768 artum
1003 1702 1182 1767 anfractum
1205 1705 1237 1768 ct
1259 1705 1379 1784 tempe-

229 1811 332 1870 ratam
355 1803 495 1888 corporis
518 1803 795 1886 conglobationem
818 1803 986 1888 docerent,
1015 1801 1101 1886 quod
1121 1803 1271 1869 Phaedra
1293 1803 1381 1887 apud

230 1904 381 1973 Ovidium
402 1904 435 1970 in
457 1905 634 1991 Hippolyto
656 1907 788 1973 miratur
811 1905 954 1990 (Heroid.
970 1907 1015 1972 lV
1037 1909 1077 1970 79
1089 1904 1167 1990 sq.):
1285 1969 1287 1976 .

384 2024 461 2093 Sive
483 2025 597 2094 ferocis
620 2026 695 2109 equi
716 2024 871 2094 luctantia
892 2025 977 2093 colla
999 2044 1157 2108 recurvas,

431 2129 556 2214 Exiguo
577 2129 680 2198 flexos
701 2130 798 2197 miror
818 2129 851 2195 in
874 2129 952 2195 orbe
972 2126 1081 2213 pedes.

230 2247 268 2314 ld
290 2268 366 2315 nero
388 2255 424 2313 ut
445 2255 631 2316 exercerent
652 2250 686 2314 in
703 2248 838 2333 privatis
861 2246 1034 2329 cuniculis,
1056 2245 1209 2333 peculiari
1225 2251 1381 2312 metarum

229 2369 347 2435 genere
365 2369 421 2417 eos
442 2371 517 2419 usos
540 2371 692 2419 essenon
710 2371 840 2435 possum
862 2371 925 2418 non
943 2350 1083 2418 credere.
1117 2347 1211 2429 Quod
1228 2368 1328 2432 geum
1346 2349 1380 2414 in

230 2450 422 2535 quibusdam
451 2452 636 2536 agonisticis
661 2454 873 2520 monumentis
900 2451 1064 2538 adpictum
1091 2449 1187 2518 video
1209 2449 1379 2534 (Gerbard,

229 2554 354 2621 Auserl.
376 2572 422 2635 gr.
446 2553 483 2620 V.
506 2553 688 2622 ccbxvll.
731 2556 811 2624 llus.
835 2554 930 2640 Greg.
953 2556 1017 2622 vol.
1038 2556 1079 2621 Π.
1102 2555 1168 2621 tab.
1183 2553 1281 2620 XXII
1305 2551 1378 2636 la).

229 2656 359 2723 Habent
381 2656 520 2739 speciem
542 2657 643 2724 boleti
663 2656 793 2741 inversi,
817 2656 906 2727 cuius
921 2657 1007 2726 orbis
1029 2662 1146 2724 terram
1168 2661 1302 2741 premat,
1324 2676 1377 2740 pe-

232 2757 356 2825 diculus
383 2757 416 2824 in
445 2759 545 2825 altum
576 2766 699 2825 erectus
727 2759 779 2826 sit.
822 2759 917 2839 Quod
944 2765 1052 2827 autem
1073 2758 1298 2843 gravissimum
1319 2764 1378 2841 est,

231 2881 294 2928 non
316 2861 349 2926 in
371 2866 456 2926 terra
475 2861 577 2945 fixae,
600 2861 659 2928 sed
680 2862 816 2929 mobiles
838 2871 918 2929 sunt.
963 2861 1053 2928 Finis
1075 2862 1159 2929 enim
1182 2861 1274 2927 metis
1296 2859 1323 2925 si
1345 2860 1379 2924 in

232 2962 512 3030 exercitationibus
533 2964 583 3030 usi
605 2969 726 3046 essent,
749 2963 836 3032 idem
857 2983 984 3048 semper
1005 2963 1180 3048 periculum
1203 2969 1272 3030 erat
1293 2962 1379 3044 quod

230 3067 264 3132 in
285 3064 424 3150 publicis
445 3064 688 3149 certaminibus,
716 3087 757 3133 ne
778 3071 864 3134 meta
887 3067 999 3132 collisa
1021 3085 1130 3132 eunus
1152 3070 1378 3132 everterentur.

230 3169 311 3236 Illae
332 3188 409 3235 vero
432 3174 536 3235 metae
552 3186 593 3233 cx
614 3168 697 3234 levis
712 3168 863 3252 ponderis
885 3169 973 3249 ligno
988 3167 1093 3233 iactae
1116 3166 1283 3250 cedebant,
1307 3186 1378 3233 cnm

231 3272 317 3338 orbis
340 3291 465 3353 earum,
494 3288 557 3351 quo
579 3276 614 3336 ut
636 3275 721 3337 stare
742 3274 873 3355 possent
895 3290 975 3355 opus
998 3276 1075 3352 crat,
1097 3269 1333 3354 impingebatur
1344 3269 1378 3346 ¹).

232 3376 404 3440 Praeterea
425 3371 540 3438 ahenei
569 3373 657 3437 anuli
679 3373 835 3456 ampliore
859 3392 954 3456 quam
976 3377 1063 3437 meta
1091 3372 1379 3456 circumscriptione

232 3476 351 3562 petiole
380 3473 583 3557 circumdati,
612 3476 723 3556 quales
752 3475 785 3540 in
815 3477 921 3560 priore
946 3474 1119 3558 imaginum
1150 3493 1247 3558 supra
1268 3476 1378 3543 lauda·

232 3586 336 3644 tarum
357 3581 600 3660 cognoscuntur,
621 3597 662 3643 ne
684 3578 754 3663 ipsc
769 3584 897 3644 truncus
919 3577 1008 3661 tangi
1030 3583 1149 3662 posset,
1171 3575 1378 3660 impedivisse

231 3677 310 3746 mihi
332 3677 490 3745 videntur.

321 3817 345 3880 1)
362 3803 406 3866 nx
423 3813 524 3869 nostris
548 3813 692 3883 palaestris
715 3814 779 3870 licet
797 3785 1004 3870 exercitationes
1026 3813 1055 3868 in
1072 3813 1157 3868 altum
1174 3812 1287 3869 saliendi
1306 3828 1378 3868 com-

231 3914 345 3970 parare:
368 3897 466 3953 milites
489 3900 560 3954 enim
577 3900 620 3954 vel
636 3899 751 3969 gymnici
767 3901 797 3955 in
814 3899 957 3969 palaestris
979 3914 1062 3968 super
1078 3899 1163 3953 linum
1180 3898 1243 3969 pedi
1259 3899 1379 3968 tangenti

232 3984 330 4041 cedens
347 3982 427 4039 sslire
439 3983 580 4040 exercitati
591 3983 620 4039 in
637 3983 739 4054 eampis
757 3999 839 4054 snper
856 3984 949 4041 firmas
966 3983 1131 4054 stabilesque
1148 3999 1192 4041 res
1209 3983 1276 4040 dant
1293 3984 1379 4040 saltus

231 4068 447 4142 periculosiores.
