3088 4774
532 309 564 360 A.
594 306 644 360 DE
663 306 899 362 GARCERIBUS.
1253 309 1293 370 57

225 480 286 546 His
314 480 500 564 praemissis
530 481 732 546 lineamentis
763 481 858 548 venio
887 481 930 546 ad
959 483 1045 565 ipsos
1076 503 1295 550 carceres

141 601 315 664 eorumque
336 601 428 647 nsum
451 581 678 648 describendos
701 585 742 660 (v.
755 584 820 656 tab.
833 583 888 660 ll).
924 583 1074 654 Habebat
1095 585 1248 668 oppidum
1265 584 1293 652 0

140 706 161 750 a
179 685 314 751 Oleoeta
332 685 495 750 conditum
509 684 645 750 formam
666 703 790 768 prorae,
816 685 905 751 cuius
920 693 1056 752 rostrum
1070 687 1099 752 R
1114 688 1147 752 in
1162 707 1294 754 arenam

141 789 320 870 spectabat,
342 786 500 883 basis-SD
521 788 565 853 ad
586 788 743 870 porticum
761 787 903 870 Agnapti
920 787 947 851 P
967 787 1140 856 adiacebat
1161 791 1293 872 (20,10:

140 892 324 974 παρέχεται
333 887 394 971 μὲν
405 883 462 953 οὖν
475 889 583 974 σχῆμα
594 883 614 975 ἡ
627 881 749 974 ἄφεσις
759 884 844 952 κατὰ
856 889 995 974 πρῴραν
1008 887 1097 970 νεώς,
1107 893 1294 973 τέτραπται

141 989 179 1056 δὲ
203 983 303 1078 αὐτῆς
323 987 361 1055 τὸ
385 988 526 1073 ἔμβολον
550 987 583 1066 ἐς
604 989 663 1054 τὸν
678 987 811 1075 δρόμον.
847 988 973 1057 καθότι
995 990 1031 1058 δὲ
1050 993 1092 1079 τῇ
1105 985 1292 1076 Ἀγνάπτου

142 1095 227 1180 στοᾷ
254 1091 417 1179 προσεχής
445 1089 535 1157 ἐστιν
557 1085 577 1179 ἡ
600 1093 737 1176 πρῷρα,
766 1089 854 1157 κατὰ
872 1094 970 1157 τοῦτο
993 1087 1105 1178 εὐρεῖα
1125 1098 1292 1178 yonam)

141 1195 232 1262 Haec
253 1196 340 1264 basis
362 1195 456 1262 cnnei
479 1200 633 1276 quantum
654 1195 841 1279 obtinuerit,
864 1195 1036 1280 Perlegeta
1057 1218 1121 1263 non
1142 1196 1235 1282 dicit,
1258 1203 1294 1264 ut

141 1305 294 1382 qnantum
316 1299 469 1378 cuiusque
492 1297 671 1364 sententiae
692 1297 812 1379 optime
835 1298 1014 1384 conveniat,
1038 1305 1160 1367 tantum
1177 1305 1292 1382 sumat,

140 1419 200 1468 nec
221 1407 297 1484 puto
320 1401 449 1467 omnino
471 1398 580 1466 dicere
602 1417 674 1465 enm
697 1398 858 1482 debuisse,
882 1400 959 1481 quia
980 1400 1112 1466 cuilibet
1133 1401 1234 1466 libere
1252 1421 1293 1469 ac

139 1504 325 1587 simpliciter
352 1521 422 1568 rem
450 1499 666 1566 consideranti
694 1519 840 1568 carceres
862 1502 893 1567 ei
922 1508 1044 1567 tantum
1066 1505 1151 1586 parti
1173 1523 1291 1570 arenae

138 1607 318 1672 obiacnisse
347 1609 498 1688 apparet,
527 1604 680 1684 inquam
709 1603 783 1685 eqni
811 1603 1018 1668 mittebantur
1040 1601 1071 1669 b.
1095 1624 1122 1670 e.
1146 1604 1290 1671 dextrae.

137 1707 186 1773 Ac
208 1727 247 1773 ne
262 1707 419 1790 porticum
439 1704 568 1788 quidem
583 1710 683 1770 totam
699 1724 833 1769 arenam
845 1711 930 1770 retro
945 1705 1116 1771 occlusisse
1132 1709 1291 1792 existimo,

137 1828 249 1874 verum
271 1813 306 1873 nt
332 1806 487 1891 oppidum
515 1806 662 1871 dextram
691 1813 812 1871 tantum
841 1814 975 1890 partem.
1019 1808 1133 1891 ltaque
1162 1811 1292 1876 sinistra

137 1931 237 1978 arena
258 1911 336 1976 satis
357 1909 455 1993 longa
475 1914 559 1990 erat,
582 1914 617 1972 nt
638 1908 713 1989 eqni
735 1908 921 1974 citatissimo
944 1927 1038 1974 cursu
1060 1912 1181 1977 calcem
1204 1931 1290 1978 asse·

137 2014 202 2080 cuti
224 2031 287 2078 non
302 2018 434 2093 repente
448 2010 603 2076 deberent
617 2009 801 2090 consistere,
824 2009 858 2074 id
875 2009 961 2093 quod
976 2012 1104 2077 omnino
1118 2019 1290 2096 nequeunt,

137 2113 196 2179 sed
226 2111 393 2178 commode
422 2112 619 2177 celeritatem
647 2109 878 2194 pedetemptim
907 2114 1123 2178 comminuere
1149 2119 1290 2196 possent.

137 2214 335 2290 Videmnsne
372 2219 406 2278 nt
442 2215 477 2278 in
511 2213 626 2279 nostris
656 2214 883 2281 certaminibus
913 2214 988 2297 eqni
1017 2220 1105 2280 creta
1134 2212 1290 2297 (Sieges-

136 2307 292 2399 plosten')
317 2322 467 2399 superata
489 2315 648 2382 decimam
669 2334 767 2398 saepe
783 2316 836 2382 vel
859 2322 1005 2381 octavam
1028 2317 1124 2385 totius
1140 2317 1290 2384 curriculi

136 2425 262 2501 partem
282 2423 485 2501 percurrant,
514 2423 686 2500 antequam
708 2419 750 2484 ab
781 2419 942 2502 equitibus
969 2419 1119 2487 sustineri
1147 2418 1290 2501 queant?

137 2520 172 2592 Si
195 2518 258 2586 hoc
286 2521 447 2604 equitibus
477 2519 610 2601 accidit,
642 2520 760 2603 qnippe
788 2520 844 2603 qni
873 2528 905 2586 et
932 2519 1030 2586 frenis
1058 2527 1092 2587 et
1117 2518 1289 2587 femoribus

137 2641 291 2704 equorum
314 2625 380 2687 vim
403 2627 586 2706 coerceant,
616 2629 734 2703 quanto
747 2655 750 2660 ·
763 2623 901 2705 amplius
931 2623 1069 2705 spatium
1097 2623 1218 2706 aurigis
1246 2622 1291 2688 ad

137 2730 285 2808 quattuor
308 2743 462 2807 equorum
482 2723 630 2806 rapidum
653 2742 780 2789 cursum
802 2731 834 2788 et
856 2743 965 2790 currus
983 2725 1206 2807 subsequentis
1221 2725 1289 2790 vim

136 2827 216 2894 solis
242 2825 341 2892 frenis
368 2825 576 2892 inhibendam
605 2845 685 2908 opus
713 2827 812 2891 fuisse
839 2825 1048 2907 putabimus?
1091 2827 1163 2894 Non
1191 2829 1290 2912 igitur

136 2928 217 2993 mibi
238 2947 369 3011 possum
391 2927 585 3010 persuadere
606 2926 770 2992 Cleoetam
793 2926 928 2994 artificio
950 2948 1007 2994 sno
1029 2934 1195 3010 tantopere
1217 2929 1289 2994 nsni

137 3029 297 3113 obfuisse,
320 3037 355 3094 nt
376 3029 537 3094 sinistram
559 3047 689 3093 arenam
712 3028 841 3094 sinistra
862 3035 917 3093 aut
939 3028 1050 3111 oppidi
1072 3037 1128 3094 aut
1148 3028 1288 3110 porticus

136 3131 189 3196 ala
210 3129 421 3197 contraheret.

222 3231 384 3316 Oppidum
406 3251 484 3297 vero
512 3250 575 3297 non
603 3235 693 3296 recta
715 3231 850 3313 'regione
877 3231 917 3295 in'
939 3230 1086 3297 dextram
1114 3251 1245 3298 arenam
1267 3253 1289 3298 a

135 3336 259 3418 porticu
281 3334 493 3417 prominuisse
516 3331 622 3414 credo,
646 3331 702 3398 sed
726 3331 858 3416 obliqua
872 3333 926 3416 ita,
953 3337 988 3398 ut
1009 3340 1145 3399 rostrum
1167 3333 1210 3399 ad
1232 3353 1286 3400 ex·

225 3556 249 3616 1)
265 3551 329 3605 Non
345 3550 479 3605 assentior
497 3549 653 3604 Godolredo
671 3549 826 3604 Hermanno
847 3566 897 3620 pro
914 3551 1024 3621 γίνεται
1042 3549 1193 3618 perlectum
1209 3551 1287 3623 γεγέ-

137 3655 217 3707 νηται
236 3636 386 3705 postulanti
403 3641 440 3704 tp.
454 3639 488 3700 6).
519 3634 590 3688 Nam
607 3639 638 3688 nt
655 3635 777 3690 omittam
788 3635 941 3689 Pausaniae
958 3649 1043 3702 genus
1061 3633 1167 3690 dicendi
1185 3651 1239 3690 non
1251 3637 1287 3690 ad

135 3720 247 3775 eandem
270 3735 392 3773 normam
414 3719 587 3786 derigendnm
614 3734 674 3774 esse
699 3727 781 3788 atque
804 3719 1027 3775 Demostheninm
1050 3719 1093 3773 vel
1115 3719 1286 3787 Isocratium,

136 3820 265 3875 praesens
283 3806 392 3875 γίνεται
409 3803 543 3872 significat
559 3820 615 3859 non
633 3805 724 3859 subito
741 3820 828 3873 prope
848 3805 995 3873 porticum,
1018 3802 1065 3857 sed
1082 3803 1145 3858 inde
1163 3820 1180 3859 a
1196 3815 1286 3862 rostro

136 3889 276 3959 paullatim
288 3888 401 3958 paribus
414 3889 549 3957 utrimque
559 3888 707 3944 intervallis
720 3890 778 3943 alas
791 3904 888 3958 prorae
900 3888 936 3943 ad
953 3889 1088 3958 porticum
1106 3904 1198 3944 versus
1215 3891 1287 3946 inter

136 3990 164 4029 ss
182 3973 334 4039 discedere,
358 3973 436 4042 quasi
454 3973 555 4028 dictum
571 3974 619 4029 sit:
640 3965 716 4028 ‘dum
733 3989 816 4043 prora
839 3974 875 4028 ad
896 3976 1032 4044 porticum
1048 3975 1167 4042 Agnapti
1184 3975 1302 4046 appro·'

134 4059 254 4128 pinquat,
272 4059 354 4114 latior
370 4051 436 4112 tit'.
