3096 4766
529 316 564 373 11.
578 293 579 296 ‘
591 317 642 372 on
660 317 783 376 truvo
802 321 909 378 orno.

143 487 251 554 Nomi.
267 486 363 554 Dion.
379 487 539 554 XXXVII
552 492 710 558 217-20.
733 495 876 561 207-9:

884 587 1075 684 ἀμφότερον
1098 599 1144 681 δέ,

231 692 357 776 κέντρῳ
378 687 590 779 ἐπισπέρχων
611 698 763 781 προχέων
785 689 984 782 πλήξιππον
1007 691 1151 790 ἀπειλὴν

232 789 372 870 δεξιὸν
393 791 502 862 ἵππον
526 793 650 876 ἔλαυνε,
672 795 846 884 θοώτερον
869 797 917 878 εἰς
940 799 1064 884 δρόμον
1087 800 1188 872 ἕλκων

232 885 393 978 deiurare
413 895 611 978 μεθέποντα
634 897 821 984 παρειμένα
842 898 943 966 κύκλα
963 903 1110 986 χαλινοῦ,

233 989 371 1086 οκύπνεύ
394 1001 532 1080 μοικαὶ
555 1005 674 1087 σφίγγε
695 1003 910 1090 καβερνητῆρι
929 1005 1057 1092 χαλινῷ

231 1097 404 1181 δοχμώσας
423 1092 505 1168 Ιὅλον
528 1099 638 1168 ἵππον
661 1094 887 1188 ἀριστερὸν
911 1103 1058 1191 ἔγνοθι
1081 1107 1254 1201 νύσσης,

230 1199 326 1280 λοξὸς
348 1199 406 1270 drot
429 1203 594 1292 πλευρῇσι
616 1201 824 1286 παρακλιδὸν
847 1197 938 1294 ύρμα
958 1207 1120 1295 βαρύνων.

141 1320 238 1388 Ovid.
253 1321 361 1388 Amor.
376 1323 426 1388 ΙΙΙ
441 1327 472 1407 2,
488 1326 629 1390 81—82:

227 1422 314 1502 Quid
334 1425 427 1508 faeie,
450 1426 588 1492 infelix?
612 1426 723 1510 perdis
744 1427 831 1493 bona
853 1433 931 1494 vota
950 1432 1089 1513 puellae.

268 1525 383 1593 Tende
403 1545 518 1610 preoor
539 1529 651 1595 valida
672 1528 744 1595 lora
765 1529 940 1596 sinistra
961 1552 1067 1599 mann.

137 1645 197 1711 Sil.
213 1645 286 1711 Ital.
301 1645 380 1710 XVI
396 1647 558 1711 362-642

224 1764 268 1830 At
289 1765 404 1830 dooilis
426 1764 508 1830 freni
532 1772 563 1830 et
584 1764 698 1830 melior
718 1785 832 1848 parere
854 1767 988 1834 Pelorus

224 1866 298 1932 Non
320 1885 462 1950 unquam
484 1865 620 1932 effusum
643 1867 793 1933 sinuabat
814 1867 929 1935 devius
951 1889 1056 1952 axem,

226 1967 293 2034 Sed
314 1968 434 2033 laevo
457 1967 589 2032 interior
611 1967 790 2051 stringebat
812 1969 977 2036 tramite
999 1976 1128 2036 metam.

138 2086 216 2152 Luo.
231 2084 343 2152 Phars.
360 2084 438 2150 VIII
455 2086 637 2150 199-201:

571 2187 644 2252 Non
667 2187 714 2253 sio
735 2185 920 2254 moderator
942 2207 1096 2272 equorum

224 2287 415 2355 Dexteriore
437 2294 509 2354 rota
530 2289 693 2355 laevum
715 2309 788 2356 oum
810 2289 923 2356 oirouit
944 2290 1095 2378 orbem,

223 2389 318 2474 Cogit
339 2389 516 2458 inoffensae
540 2410 650 2458 ourrus
671 2390 828 2457 aooedere
851 2397 966 2458 metae.

220 2509 388 2576 Aooedunt
401 2507 445 2576 ad
460 2510 542 2576 haee
556 2514 725 2594 poetarum
740 2511 924 2577 testimonia
939 2499 1206 2582 monumenta.
1240 2518 1291 2584 Ex

137 2628 247 2676 eorum
269 2616 377 2678 autem
397 2631 530 2679 numero
554 2630 594 2678 ea
608 2611 680 2678 sola
699 2610 763 2680 huo
777 2612 890 2678 referri
907 2619 1037 2697 queunt,
1060 2636 1144 2699 quae
1166 2626 1223 2685 aut
1243 2621 1291 2686 in·

136 2718 260 2796 tegrum
288 2711 537 2796 hippodromum
565 2719 621 2780 aut
650 2719 735 2780 oerte
758 2717 883 2798 spinam
909 2716 963 2781 vel
985 2721 1103 2782 metam
1126 2720 1290 2806 exhibent,

137 2815 212 2898 qnia
241 2834 260 2879 e
287 2816 391 2898 gradu
413 2835 568 2902 equorum
590 2816 633 2882 de
654 2816 728 2900 gyri
749 2818 897 2901 regione,
927 2823 962 2883 ut
989 2838 1067 2883 mox
1095 2819 1289 2906 videbimus,

134 2935 281 3000 prorsum
302 2916 383 2983 nihil
404 2924 511 3002 potest
532 2919 653 3002 oolligi.
697 2921 747 2986 Ao
769 2919 895 2986 Graeoa
920 2919 1051 3003 quidem
1073 2931 1291 3008 monumenta,

135 3018 168 3084 in
190 3019 305 3100 quibus
328 3021 383 3086 vei
403 3027 539 3106 utraque
561 3019 767 3106 hippodromi
781 3041 881 3088 arena
896 3023 950 3087 vel
971 3024 1065 3106 spina
1087 3023 1217 3107 depiota
1238 3027 1290 3108 sit,

135 3140 198 3186 non
218 3121 306 3186 novi.
350 3121 422 3189 Hoo
443 3124 478 3188 in
498 3124 622 3189 Italiois
643 3123 741 3189 modo
762 3123 883 3189 iaetum
906 3141 976 3190 esse
999 3125 1135 3207 reperio.
1143 3128 1163 3202 ¹)
1208 3125 1290 3194 Sunt

136 3228 242 3289 autem
264 3221 400 3308 Graeca,
423 3225 457 3289 in
480 3225 596 3306 quibus
616 3231 735 3291 metam
758 3223 924 3292 habemus.
968 3225 1124 3292 Videmus
1146 3228 1231 3293 enim
1255 3230 1289 3295 in

135 3326 293 3391 nonnullis
322 3345 472 3392 vasorum
501 3327 696 3410 imaginibus
725 3327 907 3394 oolumnam
934 3328 1113 3411 appiotam,
1142 3347 1207 3412 qua
1228 3350 1287 3414 pro

136 3431 220 3492 meta
241 3429 348 3510 posita
370 3434 533 3494 oertamen
548 3427 722 3511 significari
737 3429 884 3493 arbitror.
920 3426 1000 3494 (ium
1016 3435 1124 3495 autem
1146 3431 1180 3496 in
1202 3433 1283 3498 eius-

135 3527 220 3592 modi
243 3529 422 3596 simulacris
444 3535 531 3596 meta
553 3535 585 3594 et
606 3530 716 3612 spina,
740 3531 768 3596 si
789 3531 878 3613 pieta
903 3536 984 3612 sunt,
1008 3550 1134 3614 semper
1155 3531 1198 3598 ad
1219 3535 1285 3600 lae-

135 3649 207 3695 vam
228 3632 420 3696 certantium
442 3632 514 3714 sint,
536 3631 612 3698 inde
634 3633 729 3698 laevo
753 3651 808 3698 eos
830 3652 911 3716 gyro
934 3632 1105 3699 deourrere
1127 3635 1240 3701 eluoet.

217 3729 284 3798 Sed
306 3733 410 3800 minus
431 3739 541 3800 notam
565 3753 662 3817 quam
683 3735 787 3817 ipsam
810 3753 878 3800 rem
899 3734 947 3800 rei
970 3754 1100 3802 oausam
1123 3753 1193 3802 esse
1216 3738 1284 3804 oxi·

135 3834 236 3898 stimo.
273 3831 318 3900 Ut
339 3834 373 3900 in
387 3836 463 3902 aliis
476 3837 582 3919 rebus,
605 3836 653 3902 sio
675 3837 773 3902 etiam
795 3836 829 3901 in
848 3837 1048 3918 equestribus
1063 3842 1190 3903 veteres
1211 3838 1284 3904 dili·

218 3987 243 4048 1)
262 3981 334 4037 Mus.
353 3983 500 4039 Pio-(ilem.
518 3983 552 4040 V.
570 3985 627 4041 tub.
640 3983 921 4040 XXXVIII—XLIII.
955 3985 1110 4040 Deluborde
1127 3983 1282 4042 Pavimento

135 4068 186 4122 tab.
206 4067 257 4122 XV
275 4083 320 4123 no.
339 4068 362 4134 I,
380 4067 428 4123 ubi
444 4069 611 4124 luculentum
629 4067 723 4138 spinae
741 4069 866 4137 obliquae
884 4071 1034 4139 exemplum
1052 4069 1145 4126 habes.
