<?xml version="1.0" encoding="UTF-8"?>
<!DOCTYPE html PUBLIC "-//W3C//DTD XHTML 1.0 Transitional//EN"
    "http://www.w3.org/TR/xhtml1/DTD/xhtml1-transitional.dtd">
<html xmlns="http://www.w3.org/1999/xhtml" xml:lang="en" lang="en">
 <head>
  <title>
</title>
<meta http-equiv="Content-Type" content="text/html;charset=utf-8" />
  <meta name='ocr-system' content='tesseract 3.04.00' />
  <meta name='ocr-capabilities' content='ocr_page ocr_carea ocr_par ocr_line ocrx_word'/>
</head>
<body>
  <div class='ocr_page' id='page_1' title='image "./hippodromica01pollgoog_0085.png"; bbox 0 0 3088 4774; ppageno 0'>
   <div class='ocr_carea' id='block_1_1' title="bbox 516 303 1276 362">
    <p class='ocr_par' dir='ltr' id='par_1_1' title="bbox 516 303 1276 362">
     <span class='ocr_line' id='line_1_1' title="bbox 516 303 1276 362; baseline 0.009 -7"><span class='ocrx_word' id='word_1_1' title='bbox 516 303 549 358; x_wconf 88' lang='lat' dir='ltr'><strong>A.</strong></span> <span class='ocrx_word' id='word_1_2' title='bbox 576 303 627 357; x_wconf 83' lang='lat' dir='ltr'><strong>Du</strong></span> <span class='ocrx_word' id='word_1_3' title='bbox 645 303 880 360; x_wconf 81' lang='lat' dir='ltr'><strong>CARCERIBUS.</strong></span> <span class='ocrx_word' id='word_1_4' title='bbox 1237 303 1276 362; x_wconf 84' lang='lat'><strong>75</strong></span> 
     </span>
    </p>
   </div>
   <div class='ocr_carea' id='block_1_2' title="bbox 117 474 1281 2089">
    <p class='ocr_par' dir='ltr' id='par_1_2' title="bbox 117 474 1279 661">
     <span class='ocr_line' id='line_1_2' title="bbox 118 474 1279 561; baseline 0 -21"><span class='ocrx_word' id='word_1_5' title='bbox 118 475 156 540; x_wconf 94' lang='lat' dir='ltr'><strong>in</strong></span> <span class='ocrx_word' id='word_1_6' title='bbox 179 476 254 542; x_wconf 88' lang='lat' dir='ltr'><strong>Nat.</strong></span> <span class='ocrx_word' id='word_1_7' title='bbox 270 475 352 541; x_wconf 90' lang='lat' dir='ltr'><strong>Hist.</strong></span> <span class='ocrx_word' id='word_1_8' title='bbox 367 475 508 542; x_wconf 85' lang='lat' dir='ltr'>XXXIV</span> <span class='ocrx_word' id='word_1_9' title='bbox 520 481 560 540; x_wconf 81' lang='lat'><strong>72</strong></span> <span class='ocrx_word' id='word_1_10' title='bbox 575 477 748 544; x_wconf 81' lang='lat' dir='ltr'><strong>memoriae</strong></span> <span class='ocrx_word' id='word_1_11' title='bbox 769 476 910 561; x_wconf 87' lang='lat' dir='ltr'><strong>prodidit</strong></span> <span class='ocrx_word' id='word_1_12' title='bbox 924 474 992 559; x_wconf 83' lang='lat' dir='ltr'><strong>(cir.</strong></span> <span class='ocrx_word' id='word_1_13' title='bbox 1009 477 1126 559; x_wconf 92' lang='lat' dir='ltr'><strong>Brunn,</strong></span> <span class='ocrx_word' id='word_1_14' title='bbox 1144 474 1247 559; x_wconf 88' lang='lat' dir='ltr'><strong>Kstlg.</strong></span> <span class='ocrx_word' id='word_1_15' title='bbox 1264 475 1279 540; x_wconf 92' lang='lat' dir='ltr'>I</span> 
     </span>
     <span class='ocr_line' id='line_1_3' title="bbox 117 575 317 661; baseline 0.005 -22"><span class='ocrx_word' id='word_1_16' title='bbox 117 598 154 661; x_wconf 88' lang='lat' dir='ltr'><strong>p.</strong></span> <span class='ocrx_word' id='word_1_17' title='bbox 169 575 257 659; x_wconf 83' lang='lat'><strong>277).</strong></span> <span class='ocrx_word' id='word_1_18' title='bbox 275 612 317 623; x_wconf 97' lang='lat'>-</span> 
     </span>
    </p>

    <p class='ocr_par' dir='ltr' id='par_1_3' title="bbox 120 675 1279 846">
     <span class='ocr_line' id='line_1_4' title="bbox 213 675 1279 766; baseline 0.003 -25"><span class='ocrx_word' id='word_1_19' title='bbox 213 675 279 745; x_wconf 89' lang='lat' dir='ltr'><strong>Sed</strong></span> <span class='ocrx_word' id='word_1_20' title='bbox 300 683 498 746; x_wconf 89' lang='lat' dir='ltr'><strong>revertamur</strong></span> <span class='ocrx_word' id='word_1_21' title='bbox 518 680 562 746; x_wconf 93' lang='lat' dir='ltr'><strong>ad</strong></span> <span class='ocrx_word' id='word_1_22' title='bbox 584 679 737 766; x_wconf 90' lang='lat' dir='ltr'><strong>oppidum</strong></span> <span class='ocrx_word' id='word_1_23' title='bbox 758 680 983 766; x_wconf 75' lang='lat' dir='ltr'><strong>Olympiacam</strong></span> <span class='ocrx_word' id='word_1_24' title='bbox 1004 680 1182 746; x_wconf 76' lang='lat' dir='ltr'><strong>accuratius</strong></span> <span class='ocrx_word' id='word_1_25' title='bbox 1206 700 1279 747; x_wconf 92' lang='lat' dir='ltr'><strong>con-</strong></span> 
     </span>
     <span class='ocr_line' id='line_1_5' title="bbox 120 779 341 846; baseline 0.005 -1"><span class='ocrx_word' id='word_1_26' title='bbox 120 779 341 846; x_wconf 81' lang='lat' dir='ltr'><strong>siderandum.</strong></span> 
     </span>
    </p>

    <p class='ocr_par' dir='ltr' id='par_1_4' title="bbox 122 881 1281 2089">
     <span class='ocr_line' id='line_1_6' title="bbox 213 881 1278 967; baseline 0 -20"><span class='ocrx_word' id='word_1_27' title='bbox 213 882 390 952; x_wconf 90' lang='lat' dir='ltr'><strong>Pausanias</strong></span> <span class='ocrx_word' id='word_1_28' title='bbox 419 883 497 950; x_wconf 90' lang='lat' dir='ltr'><strong>dicit</strong></span> <span class='ocrx_word' id='word_1_29' title='bbox 524 885 666 967; x_wconf 88' lang='lat' dir='ltr'><strong>singulos</strong></span> <span class='ocrx_word' id='word_1_30' title='bbox 694 881 823 950; x_wconf 89' lang='lat' dir='ltr'><strong>ordines</strong></span> <span class='ocrx_word' id='word_1_31' title='bbox 850 891 918 950; x_wconf 90' lang='lat' dir='ltr'><strong>tum</strong></span> <span class='ocrx_word' id='word_1_32' title='bbox 948 883 1061 950; x_wconf 87' lang='lat' dir='ltr'><strong>missos</strong></span> <span class='ocrx_word' id='word_1_33' title='bbox 1090 902 1176 966; x_wconf 91' lang='lat' dir='ltr'><strong>esse,</strong></span> <span class='ocrx_word' id='word_1_34' title='bbox 1205 902 1278 948; x_wconf 90' lang='lat' dir='ltr'><strong>cum</strong></span> 
     </span>
     <span class='ocr_line' id='line_1_7' title="bbox 122 983 1278 1069; baseline 0.001 -21"><span class='ocrx_word' id='word_1_35' title='bbox 122 985 291 1069; x_wconf 82' lang='lat' dir='ltr'><strong>proximae</strong></span> <span class='ocrx_word' id='word_1_36' title='bbox 313 991 387 1069; x_wconf 90' lang='lat' dir='ltr'><strong>post</strong></span> <span class='ocrx_word' id='word_1_37' title='bbox 409 1005 465 1052; x_wconf 90' lang='lat' dir='ltr'><strong>eos</strong></span> <span class='ocrx_word' id='word_1_38' title='bbox 486 986 641 1052; x_wconf 91' lang='lat' dir='ltr'><strong>stationes</strong></span> <span class='ocrx_word' id='word_1_39' title='bbox 664 985 768 1054; x_wconf 88' lang='lat' dir='ltr'><strong>sortiti</strong></span> <span class='ocrx_word' id='word_1_40' title='bbox 790 983 833 1049; x_wconf 91' lang='lat' dir='ltr'><strong>ad</strong></span> <span class='ocrx_word' id='word_1_41' title='bbox 855 985 960 1052; x_wconf 86' lang='lat' dir='ltr'><strong>exitus</strong></span> <span class='ocrx_word' id='word_1_42' title='bbox 979 985 1152 1051; x_wconf 90' lang='lat' dir='ltr'><strong>stationum</strong></span> <span class='ocrx_word' id='word_1_43' title='bbox 1168 1003 1278 1051; x_wconf 93' lang='lat' dir='ltr'><strong>eornm</strong></span> 
     </span>
     <span class='ocr_line' id='line_1_8' title="bbox 124 1084 1276 1172; baseline -0.001 -20"><span class='ocrx_word' id='word_1_44' title='bbox 124 1085 361 1170; x_wconf 86' lang='lat' dir='ltr'><strong>pervenissent.</strong></span> <span class='ocrx_word' id='word_1_45' title='bbox 398 1088 468 1154; x_wconf 93' lang='lat' dir='ltr'><strong>Hoc</strong></span> <span class='ocrx_word' id='word_1_46' title='bbox 483 1108 518 1154; x_wconf 91' lang='lat' dir='ltr'><strong>re</strong></span> <span class='ocrx_word' id='word_1_47' title='bbox 534 1108 611 1154; x_wconf 88' lang='lat' dir='ltr'><strong>vera</strong></span> <span class='ocrx_word' id='word_1_48' title='bbox 629 1088 675 1153; x_wconf 91' lang='lat' dir='ltr'><strong>ita</strong></span> <span class='ocrx_word' id='word_1_49' title='bbox 698 1107 823 1172; x_wconf 90' lang='lat' dir='ltr'><strong>semper</strong></span> <span class='ocrx_word' id='word_1_50' title='bbox 844 1088 912 1154; x_wconf 87' lang='lat' dir='ltr'><strong>fere</strong></span> <span class='ocrx_word' id='word_1_51' title='bbox 934 1087 1081 1154; x_wconf 82' lang='lat' dir='ltr'><strong>evenisse</strong></span> <span class='ocrx_word' id='word_1_52' title='bbox 1103 1084 1276 1152; x_wconf 90' lang='lat' dir='ltr'><strong>conceden-</strong></span> 
     </span>
     <span class='ocr_line' id='line_1_9' title="bbox 124 1187 1279 1275; baseline -0.001 -22"><span class='ocrx_word' id='word_1_53' title='bbox 124 1187 206 1254; x_wconf 89' lang='lat' dir='ltr'><strong>dum</strong></span> <span class='ocrx_word' id='word_1_54' title='bbox 230 1194 287 1254; x_wconf 90' lang='lat' dir='ltr'><strong>est.</strong></span> <span class='ocrx_word' id='word_1_55' title='bbox 331 1188 416 1267; x_wconf 86' lang='lat' dir='ltr'><strong>Quid</strong></span> <span class='ocrx_word' id='word_1_56' title='bbox 431 1209 519 1273; x_wconf 86' lang='lat' dir='ltr'><strong>vero,</strong></span> <span class='ocrx_word' id='word_1_57' title='bbox 542 1191 571 1256; x_wconf 91' lang='lat' dir='ltr'><strong>si</strong></span> <span class='ocrx_word' id='word_1_58' title='bbox 592 1190 682 1256; x_wconf 88' lang='lat' dir='ltr'><strong>cuins</strong></span> <span class='ocrx_word' id='word_1_59' title='bbox 704 1190 788 1275; x_wconf 88' lang='lat' dir='ltr'><strong>oqui,</strong></span> <span class='ocrx_word' id='word_1_60' title='bbox 811 1199 846 1255; x_wconf 89' lang='lat' dir='ltr'><strong>ut</strong></span> <span class='ocrx_word' id='word_1_61' title='bbox 867 1190 913 1271; x_wconf 85' lang='lat' dir='ltr'><strong>fit,</strong></span> <span class='ocrx_word' id='word_1_62' title='bbox 935 1209 975 1255; x_wconf 94' lang='lat' dir='ltr'><strong>ne</strong></span> <span class='ocrx_word' id='word_1_63' title='bbox 997 1193 1209 1270; x_wconf 86' lang='lat' dir='ltr'><strong>excurrerent,</strong></span> <span class='ocrx_word' id='word_1_64' title='bbox 1230 1203 1279 1252; x_wconf 90' lang='lat' dir='ltr'><strong>re-</strong></span> 
     </span>
     <span class='ocr_line' id='line_1_10' title="bbox 127 1287 1279 1372; baseline -0.003 -16"><span class='ocrx_word' id='word_1_65' title='bbox 127 1290 287 1356; x_wconf 88' lang='lat' dir='ltr'><strong>cusabant</strong></span> <span class='ocrx_word' id='word_1_66' title='bbox 311 1291 421 1356; x_wconf 92' lang='lat' dir='ltr'><strong>autin</strong></span> <span class='ocrx_word' id='word_1_67' title='bbox 444 1291 547 1362; x_wconf 89' lang='lat' dir='ltr'><strong>altera</strong></span> <span class='ocrx_word' id='word_1_68' title='bbox 569 1292 622 1356; x_wconf 87' lang='lat' dir='ltr'><strong>ala</strong></span> <span class='ocrx_word' id='word_1_69' title='bbox 651 1292 769 1359; x_wconf 90' lang='lat' dir='ltr'><strong>lentius</strong></span> <span class='ocrx_word' id='word_1_70' title='bbox 791 1292 959 1358; x_wconf 90' lang='lat' dir='ltr'><strong>currebant</strong></span> <span class='ocrx_word' id='word_1_71' title='bbox 982 1309 1077 1372; x_wconf 91' lang='lat' dir='ltr'><strong>quam</strong></span> <span class='ocrx_word' id='word_1_72' title='bbox 1098 1289 1131 1355; x_wconf 93' lang='lat' dir='ltr'><strong>in</strong></span> <span class='ocrx_word' id='word_1_73' title='bbox 1154 1287 1279 1354; x_wconf 85' lang='lat' dir='ltr'><strong>altera?</strong></span> 
     </span>
     <span class='ocr_line' id='line_1_11' title="bbox 125 1390 1279 1477; baseline -0.003 -19"><span class='ocrx_word' id='word_1_74' title='bbox 125 1393 215 1458; x_wconf 86' lang='lat' dir='ltr'><strong>Num</strong></span> <span class='ocrx_word' id='word_1_75' title='bbox 237 1397 313 1458; x_wconf 93' lang='lat' dir='ltr'><strong>tunc</strong></span> <span class='ocrx_word' id='word_1_76' title='bbox 334 1411 445 1458; x_wconf 89' lang='lat' dir='ltr'><strong>ornnes</strong></span> <span class='ocrx_word' id='word_1_77' title='bbox 468 1397 543 1460; x_wconf 91' lang='lat' dir='ltr'><strong>ante</strong></span> <span class='ocrx_word' id='word_1_78' title='bbox 565 1413 637 1461; x_wconf 88' lang='lat' dir='ltr'><strong>eum</strong></span> <span class='ocrx_word' id='word_1_79' title='bbox 662 1393 786 1477; x_wconf 90' lang='lat' dir='ltr'><strong>positos</strong></span> <span class='ocrx_word' id='word_1_80' title='bbox 807 1393 840 1458; x_wconf 95' lang='lat' dir='ltr'><strong>in</strong></span> <span class='ocrx_word' id='word_1_81' title='bbox 863 1391 1042 1459; x_wconf 85' lang='lat' dir='ltr'><strong>carceribus</strong></span> <span class='ocrx_word' id='word_1_82' title='bbox 1065 1398 1131 1458; x_wconf 92' lang='lat' dir='ltr'><strong>tam</strong></span> <span class='ocrx_word' id='word_1_83' title='bbox 1153 1390 1210 1455; x_wconf 90' lang='lat' dir='ltr'><strong>diu</strong></span> <span class='ocrx_word' id='word_1_84' title='bbox 1231 1411 1279 1455; x_wconf 91' lang='lat' dir='ltr'><strong>re·</strong></span> 
     </span>
     <span class='ocr_line' id='line_1_12' title="bbox 127 1493 1278 1576; baseline -0.001 -18"><span class='ocrx_word' id='word_1_85' title='bbox 127 1493 287 1559; x_wconf 89' lang='lat' dir='ltr'><strong>mansisse</strong></span> <span class='ocrx_word' id='word_1_86' title='bbox 308 1493 508 1575; x_wconf 87' lang='lat' dir='ltr'><strong>arbitremur,</strong></span> <span class='ocrx_word' id='word_1_87' title='bbox 530 1494 604 1560; x_wconf 90' lang='lat' dir='ltr'><strong>dum</strong></span> <span class='ocrx_word' id='word_1_88' title='bbox 626 1494 684 1562; x_wconf 91' lang='lat' dir='ltr'><strong>ille</strong></span> <span class='ocrx_word' id='word_1_89' title='bbox 705 1495 872 1563; x_wconf 86' lang='lat' dir='ltr'><strong>adveniret</strong></span> <span class='ocrx_word' id='word_1_90' title='bbox 895 1501 926 1561; x_wconf 92' lang='lat' dir='ltr'><strong>et</strong></span> <span class='ocrx_word' id='word_1_91' title='bbox 941 1494 1004 1560; x_wconf 88' lang='lat' dir='ltr'><strong>sibi</strong></span> <span class='ocrx_word' id='word_1_92' title='bbox 1025 1513 1153 1576; x_wconf 86' lang='lat' dir='ltr'><strong>quoqne</strong></span> <span class='ocrx_word' id='word_1_93' title='bbox 1168 1512 1278 1559; x_wconf 88' lang='lat' dir='ltr'><strong>excur-</strong></span> 
     </span>
     <span class='ocr_line' id='line_1_13' title="bbox 127 1594 1280 1681; baseline 0.001 -21"><span class='ocrx_word' id='word_1_94' title='bbox 127 1594 220 1661; x_wconf 87' lang='lat' dir='ltr'><strong>rendi</strong></span> <span class='ocrx_word' id='word_1_95' title='bbox 248 1595 434 1663; x_wconf 86' lang='lat' dir='ltr'><strong>facultatem</strong></span> <span class='ocrx_word' id='word_1_96' title='bbox 463 1595 578 1662; x_wconf 80' lang='lat' dir='ltr'><strong>daret?</strong></span> <span class='ocrx_word' id='word_1_97' title='bbox 621 1597 692 1663; x_wconf 90' lang='lat' dir='ltr'><strong>Hoc</strong></span> <span class='ocrx_word' id='word_1_98' title='bbox 713 1599 844 1664; x_wconf 89' lang='lat' dir='ltr'><strong>minime</strong></span> <span class='ocrx_word' id='word_1_99' title='bbox 869 1598 975 1664; x_wconf 89' lang='lat' dir='ltr'><strong>credo.</strong></span> <span class='ocrx_word' id='word_1_100' title='bbox 1018 1597 1104 1663; x_wconf 89' lang='lat' dir='ltr'><strong>Nam</strong></span> <span class='ocrx_word' id='word_1_101' title='bbox 1127 1617 1190 1681; x_wconf 90' lang='lat' dir='ltr'><strong>quo</strong></span> <span class='ocrx_word' id='word_1_102' title='bbox 1212 1595 1280 1661; x_wconf 91' lang='lat' dir='ltr'><strong>iure</strong></span> 
     </span>
     <span class='ocr_line' id='line_1_14' title="bbox 127 1697 1280 1783; baseline -0.003 -19"><span class='ocrx_word' id='word_1_103' title='bbox 127 1699 271 1764; x_wconf 88' lang='lat' dir='ltr'><strong>insontes</strong></span> <span class='ocrx_word' id='word_1_104' title='bbox 293 1697 400 1764; x_wconf 90' lang='lat' dir='ltr'><strong>aliena</strong></span> <span class='ocrx_word' id='word_1_105' title='bbox 422 1699 516 1782; x_wconf 89' lang='lat' dir='ltr'><strong>culpa</strong></span> <span class='ocrx_word' id='word_1_106' title='bbox 538 1697 761 1764; x_wconf 89' lang='lat' dir='ltr'><strong>detrimentum</strong></span> <span class='ocrx_word' id='word_1_107' title='bbox 783 1699 978 1783; x_wconf 82' lang='lat' dir='ltr'><strong>capiebant?</strong></span> <span class='ocrx_word' id='word_1_108' title='bbox 1013 1699 1058 1782; x_wconf 89' lang='lat' dir='ltr'><strong>Si,</strong></span> <span class='ocrx_word' id='word_1_109' title='bbox 1082 1705 1115 1763; x_wconf 90' lang='lat' dir='ltr'><strong>nt</strong></span> <span class='ocrx_word' id='word_1_110' title='bbox 1131 1697 1280 1782; x_wconf 85' lang='lat' dir='ltr'><strong>exemplo</strong></span> 
     </span>
     <span class='ocr_line' id='line_1_15' title="bbox 129 1799 1281 1885; baseline 0 -20"><span class='ocrx_word' id='word_1_111' title='bbox 129 1807 212 1881; x_wconf 88' lang='lat' dir='ltr'><strong>utar,</strong></span> <span class='ocrx_word' id='word_1_112' title='bbox 234 1799 331 1884; x_wconf 92' lang='lat' dir='ltr'><strong>primi</strong></span> <span class='ocrx_word' id='word_1_113' title='bbox 352 1799 472 1866; x_wconf 90' lang='lat' dir='ltr'><strong>ordinis</strong></span> <span class='ocrx_word' id='word_1_114' title='bbox 494 1799 608 1866; x_wconf 85' lang='lat' dir='ltr'><strong>dexter</strong></span> <span class='ocrx_word' id='word_1_115' title='bbox 629 1803 776 1882; x_wconf 80' lang='lat' dir='ltr'><strong>agonista</strong></span> <span class='ocrx_word' id='word_1_116' title='bbox 797 1802 852 1868; x_wconf 93' lang='lat' dir='ltr'><strong>illo</strong></span> <span class='ocrx_word' id='word_1_117' title='bbox 868 1802 963 1868; x_wconf 92' lang='lat' dir='ltr'><strong>modo</strong></span> <span class='ocrx_word' id='word_1_118' title='bbox 979 1801 1133 1885; x_wconf 88' lang='lat' dir='ltr'><strong>peccavit,</strong></span> <span class='ocrx_word' id='word_1_119' title='bbox 1155 1803 1281 1882; x_wconf 87' lang='lat' dir='ltr'><strong>integra</strong></span> 
     </span>
     <span class='ocr_line' id='line_1_16' title="bbox 129 1901 1281 1985; baseline -0.001 -18"><span class='ocrx_word' id='word_1_120' title='bbox 129 1902 246 1968; x_wconf 87' lang='lat' dir='ltr'><strong>dextra</strong></span> <span class='ocrx_word' id='word_1_121' title='bbox 267 1902 322 1966; x_wconf 89' lang='lat' dir='ltr'><strong>ala</strong></span> <span class='ocrx_word' id='word_1_122' title='bbox 344 1902 446 1967; x_wconf 87' lang='lat' dir='ltr'><strong>serius</strong></span> <span class='ocrx_word' id='word_1_123' title='bbox 468 1902 510 1967; x_wconf 92' lang='lat' dir='ltr'><strong>ad</strong></span> <span class='ocrx_word' id='word_1_124' title='bbox 532 1908 668 1968; x_wconf 88' lang='lat' dir='ltr'><strong>rostrum</strong></span> <span class='ocrx_word' id='word_1_125' title='bbox 690 1904 832 1970; x_wconf 89' lang='lat' dir='ltr'><strong>venisset</strong></span> <span class='ocrx_word' id='word_1_126' title='bbox 854 1922 950 1985; x_wconf 89' lang='lat' dir='ltr'><strong>qnam</strong></span> <span class='ocrx_word' id='word_1_127' title='bbox 972 1903 1102 1969; x_wconf 88' lang='lat' dir='ltr'><strong>sinistra</strong></span> <span class='ocrx_word' id='word_1_128' title='bbox 1123 1908 1156 1968; x_wconf 88' lang='lat' dir='ltr'><strong>et</strong></span> <span class='ocrx_word' id='word_1_129' title='bbox 1180 1901 1281 1966; x_wconf 87' lang='lat' dir='ltr'><strong>satius</strong></span> 
     </span>
     <span class='ocr_line' id='line_1_17' title="bbox 130 2002 1281 2089; baseline -0.002 -21"><span class='ocrx_word' id='word_1_130' title='bbox 130 2024 234 2089; x_wconf 89' lang='lat' dir='ltr'><strong>paene</strong></span> <span class='ocrx_word' id='word_1_131' title='bbox 263 2009 332 2069; x_wconf 91' lang='lat' dir='ltr'><strong>erat</strong></span> <span class='ocrx_word' id='word_1_132' title='bbox 360 2003 533 2069; x_wconf 88' lang='lat' dir='ltr'><strong>certamine</strong></span> <span class='ocrx_word' id='word_1_133' title='bbox 562 2003 724 2070; x_wconf 82' lang='lat' dir='ltr'><strong>desistere.</strong></span> <span class='ocrx_word' id='word_1_134' title='bbox 775 2006 968 2071; x_wconf 85' lang='lat' dir='ltr'><strong>Persuasum</strong></span> <span class='ocrx_word' id='word_1_135' title='bbox 996 2004 1093 2085; x_wconf 85' lang='lat' dir='ltr'><strong>igitur</strong></span> <span class='ocrx_word' id='word_1_136' title='bbox 1125 2002 1204 2067; x_wconf 91' lang='lat' dir='ltr'><strong>mihi</strong></span> <span class='ocrx_word' id='word_1_137' title='bbox 1233 2009 1281 2068; x_wconf 90' lang='lat' dir='ltr'><strong>est</strong></span> 
     </span>
    </p>
   </div>
   <div class='ocr_carea' id='block_1_3' title="bbox 129 2104 1282 2394">
    <p class='ocr_par' dir='ltr' id='par_1_5' title="bbox 129 2104 1282 2394">
     <span class='ocr_line' id='line_1_18' title="bbox 131 2104 1281 2190; baseline -0.003 -19"><span class='ocrx_word' id='word_1_138' title='bbox 131 2106 227 2171; x_wconf 88' lang='lat' dir='ltr'><strong>certis</strong></span> <span class='ocrx_word' id='word_1_139' title='bbox 257 2105 416 2187; x_wconf 89' lang='lat' dir='ltr'><strong>utrimque</strong></span> <span class='ocrx_word' id='word_1_140' title='bbox 444 2105 598 2190; x_wconf 89' lang='lat' dir='ltr'><strong>temporis</strong></span> <span class='ocrx_word' id='word_1_141' title='bbox 625 2105 918 2190; x_wconf 88' lang='lat' dir='ltr'><strong>intercapedinibus</strong></span> <span class='ocrx_word' id='word_1_142' title='bbox 951 2125 1095 2173; x_wconf 85' lang='lat' dir='ltr'><strong>carceres</strong></span> <span class='ocrx_word' id='word_1_143' title='bbox 1128 2104 1281 2188; x_wconf 88' lang='lat' dir='ltr'><strong>deinceps</strong></span> 
     </span>
     <span class='ocr_line' id='line_1_19' title="bbox 129 2205 1282 2293; baseline 0 -22"><span class='ocrx_word' id='word_1_144' title='bbox 129 2208 308 2293; x_wconf 88' lang='lat' dir='ltr'><strong>patefactos</strong></span> <span class='ocrx_word' id='word_1_145' title='bbox 330 2227 415 2274; x_wconf 86' lang='lat' dir='ltr'><strong>esso:</strong></span> <span class='ocrx_word' id='word_1_146' title='bbox 439 2208 500 2275; x_wconf 92' lang='lat' dir='ltr'><strong>bae</strong></span> <span class='ocrx_word' id='word_1_147' title='bbox 519 2205 774 2289; x_wconf 87' lang='lat' dir='ltr'><strong>intercapedines</strong></span> <span class='ocrx_word' id='word_1_148' title='bbox 788 2227 846 2292; x_wconf 93' lang='lat' dir='ltr'><strong>pro</strong></span> <span class='ocrx_word' id='word_1_149' title='bbox 862 2228 910 2290; x_wconf 89' lang='lat' dir='ltr'><strong>co,</strong></span> <span class='ocrx_word' id='word_1_150' title='bbox 933 2227 996 2292; x_wconf 87' lang='lat' dir='ltr'><strong>quo</strong></span> <span class='ocrx_word' id='word_1_151' title='bbox 1012 2207 1102 2289; x_wconf 89' lang='lat' dir='ltr'><strong>equis</strong></span> <span class='ocrx_word' id='word_1_152' title='bbox 1117 2207 1162 2272; x_wconf 94' lang='lat' dir='ltr'><strong>ad</strong></span> <span class='ocrx_word' id='word_1_153' title='bbox 1176 2207 1282 2292; x_wconf 91' lang='lat' dir='ltr'><strong>spatia</strong></span> 
     </span>
     <span class='ocr_line' id='line_1_20' title="bbox 130 2308 1280 2394; baseline -0.003 -17"><span class='ocrx_word' id='word_1_154' title='bbox 130 2311 214 2377; x_wconf 90' lang='lat' dir='ltr'><strong>inter</strong></span> <span class='ocrx_word' id='word_1_155' title='bbox 235 2309 379 2394; x_wconf 89' lang='lat' dir='ltr'><strong>singulas</strong></span> <span class='ocrx_word' id='word_1_156' title='bbox 400 2309 555 2376; x_wconf 88' lang='lat' dir='ltr'><strong>stationes</strong></span> <span class='ocrx_word' id='word_1_157' title='bbox 576 2309 764 2394; x_wconf 89' lang='lat' dir='ltr'><strong>interposita</strong></span> <span class='ocrx_word' id='word_1_158' title='bbox 785 2310 1002 2393; x_wconf 86' lang='lat' dir='ltr'><strong>percurrenda</strong></span> <span class='ocrx_word' id='word_1_159' title='bbox 1017 2329 1097 2394; x_wconf 91' lang='lat' dir='ltr'><strong>opus</strong></span> <span class='ocrx_word' id='word_1_160' title='bbox 1113 2327 1184 2375; x_wconf 87' lang='lat' dir='ltr'><strong>esse</strong></span> <span class='ocrx_word' id='word_1_161' title='bbox 1199 2308 1280 2374; x_wconf 89' lang='lat' dir='ltr'><strong>solc-</strong></span> 
     </span>
    </p>
   </div>
   <div class='ocr_carea' id='block_1_4' title="bbox 131 2411 1283 3515">
    <p class='ocr_par' dir='ltr' id='par_1_6' title="bbox 131 2411 1283 3515">
     <span class='ocr_line' id='line_1_21' title="bbox 132 2411 1281 2496; baseline -0.002 -18"><span class='ocrx_word' id='word_1_162' title='bbox 132 2414 199 2495; x_wconf 90' lang='lat' dir='ltr'><strong>bat,</strong></span> <span class='ocrx_word' id='word_1_163' title='bbox 220 2417 364 2496; x_wconf 89' lang='lat' dir='ltr'><strong>tempore</strong></span> <span class='ocrx_word' id='word_1_164' title='bbox 387 2417 590 2494; x_wconf 89' lang='lat' dir='ltr'><strong>computatae</strong></span> <span class='ocrx_word' id='word_1_165' title='bbox 612 2432 633 2476; x_wconf 87' lang='lat' dir='ltr'><strong>a</strong></span> <span class='ocrx_word' id='word_1_166' title='bbox 652 2411 777 2496; x_wconf 89' lang='lat' dir='ltr'><strong>porticu</strong></span> <span class='ocrx_word' id='word_1_167' title='bbox 799 2411 842 2477; x_wconf 89' lang='lat' dir='ltr'><strong>ad</strong></span> <span class='ocrx_word' id='word_1_168' title='bbox 863 2417 1000 2478; x_wconf 89' lang='lat' dir='ltr'><strong>rostrum</strong></span> <span class='ocrx_word' id='word_1_169' title='bbox 1022 2432 1133 2479; x_wconf 84' lang='lat' dir='ltr'><strong>versus</strong></span> <span class='ocrx_word' id='word_1_170' title='bbox 1156 2411 1281 2478; x_wconf 88' lang='lat' dir='ltr'><strong>decres-</strong></span> 
     </span>
     <span class='ocr_line' id='line_1_22' title="bbox 132 2509 1281 2598; baseline -0.003 -16"><span class='ocrx_word' id='word_1_171' title='bbox 132 2515 249 2582; x_wconf 86' lang='lat' dir='ltr'><strong>cebant</strong></span> <span class='ocrx_word' id='word_1_172' title='bbox 270 2511 316 2597; x_wconf 92' lang='lat' dir='ltr'><strong>(p.</strong></span> <span class='ocrx_word' id='word_1_173' title='bbox 333 2509 399 2597; x_wconf 84' lang='lat'>58).</span> <span class='ocrx_word' id='word_1_174' title='bbox 436 2514 545 2581; x_wconf 90' lang='lat' dir='ltr'><strong>Nolim</strong></span> <span class='ocrx_word' id='word_1_175' title='bbox 560 2512 634 2581; x_wconf 92' lang='lat' dir='ltr'><strong>ideo</strong></span> <span class='ocrx_word' id='word_1_176' title='bbox 649 2514 843 2580; x_wconf 89' lang='lat' dir='ltr'><strong>Pausaniam</strong></span> <span class='ocrx_word' id='word_1_177' title='bbox 859 2515 975 2582; x_wconf 89' lang='lat' dir='ltr'><strong>erroris</strong></span> <span class='ocrx_word' id='word_1_178' title='bbox 990 2516 1043 2581; x_wconf 86' lang='lat' dir='ltr'><strong>vel</strong></span> <span class='ocrx_word' id='word_1_179' title='bbox 1058 2514 1281 2598; x_wconf 83' lang='lat' dir='ltr'><strong>neglegentiae</strong></span> 
     </span>
     <span class='ocr_line' id='line_1_23' title="bbox 132 2616 1280 2702; baseline -0.002 -21"><span class='ocrx_word' id='word_1_180' title='bbox 132 2635 280 2700; x_wconf 84' lang='lat' dir='ltr'><strong>arguere:</strong></span> <span class='ocrx_word' id='word_1_181' title='bbox 314 2633 388 2680; x_wconf 88' lang='lat' dir='ltr'><strong>nam</strong></span> <span class='ocrx_word' id='word_1_182' title='bbox 416 2635 452 2680; x_wconf 90' lang='lat' dir='ltr'><strong>re</strong></span> <span class='ocrx_word' id='word_1_183' title='bbox 481 2635 558 2681; x_wconf 86' lang='lat' dir='ltr'><strong>vera</strong></span> <span class='ocrx_word' id='word_1_184' title='bbox 586 2617 777 2699; x_wconf 88' lang='lat' dir='ltr'><strong>computatis</strong></span> <span class='ocrx_word' id='word_1_185' title='bbox 806 2616 985 2683; x_wconf 84' lang='lat' dir='ltr'><strong>intervallis</strong></span> <span class='ocrx_word' id='word_1_186' title='bbox 1013 2617 1119 2702; x_wconf 90' lang='lat' dir='ltr'><strong>spatia</strong></span> <span class='ocrx_word' id='word_1_187' title='bbox 1141 2616 1280 2699; x_wconf 88' lang='lat' dir='ltr'><strong>percurri</strong></span> 
     </span>
     <span class='ocr_line' id='line_1_24' title="bbox 131 2714 1281 2801; baseline -0.002 -17"><span class='ocrx_word' id='word_1_188' title='bbox 131 2717 287 2784; x_wconf 83' lang='lat' dir='ltr'><strong>solebant</strong></span> <span class='ocrx_word' id='word_1_189' title='bbox 324 2714 476 2799; x_wconf 81' lang='lat' dir='ltr'><strong>Quaeres,</strong></span> <span class='ocrx_word' id='word_1_190' title='bbox 498 2717 560 2782; x_wconf 90' lang='lat' dir='ltr'><strong>uisi</strong></span> <span class='ocrx_word' id='word_1_191' title='bbox 575 2717 784 2801; x_wconf 89' lang='lat' dir='ltr'><strong>posteriorum</strong></span> <span class='ocrx_word' id='word_1_192' title='bbox 800 2737 953 2800; x_wconf 89' lang='lat' dir='ltr'><strong>equorum</strong></span> <span class='ocrx_word' id='word_1_193' title='bbox 968 2717 1118 2801; x_wconf 87' lang='lat' dir='ltr'><strong>adventu,</strong></span> <span class='ocrx_word' id='word_1_194' title='bbox 1142 2737 1281 2800; x_wconf 85' lang='lat' dir='ltr'><strong>quanam</strong></span> 
     </span>
     <span class='ocr_line' id='line_1_25' title="bbox 133 2816 1282 2905; baseline 0.003 -22"><span class='ocrx_word' id='word_1_195' title='bbox 133 2837 244 2885; x_wconf 91' lang='lat' dir='ltr'><strong>norma</strong></span> <span class='ocrx_word' id='word_1_196' title='bbox 265 2816 412 2883; x_wconf 90' lang='lat' dir='ltr'><strong>adhibita</strong></span> <span class='ocrx_word' id='word_1_197' title='bbox 434 2819 587 2885; x_wconf 88' lang='lat' dir='ltr'><strong>stationes</strong></span> <span class='ocrx_word' id='word_1_198' title='bbox 610 2819 787 2904; x_wconf 81' lang='lat' dir='ltr'><strong>patefactas</strong></span> <span class='ocrx_word' id='word_1_199' title='bbox 809 2840 880 2887; x_wconf 90' lang='lat' dir='ltr'><strong>esse</strong></span> <span class='ocrx_word' id='word_1_200' title='bbox 903 2819 1047 2887; x_wconf 86' lang='lat' dir='ltr'><strong>sentiam.</strong></span> <span class='ocrx_word' id='word_1_201' title='bbox 1094 2820 1197 2887; x_wconf 81' lang='lat' dir='ltr'><strong>Credo</strong></span> <span class='ocrx_word' id='word_1_202' title='bbox 1221 2841 1282 2905; x_wconf 87' lang='lat' dir='ltr'><strong>ego</strong></span> 
     </span>
     <span class='ocr_line' id='line_1_26' title="bbox 132 2920 1283 3005; baseline 0.001 -18"><span class='ocrx_word' id='word_1_203' title='bbox 132 2938 286 3001; x_wconf 89' lang='lat' dir='ltr'><strong>equorum</strong></span> <span class='ocrx_word' id='word_1_204' title='bbox 314 2920 566 3003; x_wconf 89' lang='lat' dir='ltr'><strong>procurrentium</strong></span> <span class='ocrx_word' id='word_1_205' title='bbox 596 2921 723 2987; x_wconf 91' lang='lat' dir='ltr'><strong>omnino</strong></span> <span class='ocrx_word' id='word_1_206' title='bbox 751 2941 815 2988; x_wconf 93' lang='lat' dir='ltr'><strong>nou</strong></span> <span class='ocrx_word' id='word_1_207' title='bbox 845 2923 989 2989; x_wconf 90' lang='lat' dir='ltr'><strong>habitam</strong></span> <span class='ocrx_word' id='word_1_208' title='bbox 1018 2921 1190 3005; x_wconf 88' lang='lat' dir='ltr'><strong>rationem,</strong></span> <span class='ocrx_word' id='word_1_209' title='bbox 1224 2923 1283 2990; x_wconf 87' lang='lat' dir='ltr'><strong>sed</strong></span> 
     </span>
     <span class='ocr_line' id='line_1_27' title="bbox 133 3021 1282 3107; baseline 0.003 -21"><span class='ocrx_word' id='word_1_210' title='bbox 133 3023 216 3086; x_wconf 88' lang='lat' dir='ltr'><strong>intra</strong></span> <span class='ocrx_word' id='word_1_211' title='bbox 237 3040 365 3106; x_wconf 92' lang='lat' dir='ltr'><strong>proram</strong></span> <span class='ocrx_word' id='word_1_212' title='bbox 388 3021 571 3088; x_wconf 88' lang='lat' dir='ltr'><strong>missionem</strong></span> <span class='ocrx_word' id='word_1_213' title='bbox 590 3029 800 3107; x_wconf 88' lang='lat' dir='ltr'><strong>temperatam</strong></span> <span class='ocrx_word' id='word_1_214' title='bbox 815 3043 895 3090; x_wconf 90' lang='lat' dir='ltr'><strong>esse.</strong></span> <span class='ocrx_word' id='word_1_215' title='bbox 932 3023 1027 3103; x_wconf 81' lang='lat' dir='ltr'><strong>Quod</strong></span> <span class='ocrx_word' id='word_1_216' title='bbox 1042 3023 1202 3105; x_wconf 89' lang='lat' dir='ltr'><strong>quomodo</strong></span> <span class='ocrx_word' id='word_1_217' title='bbox 1216 3026 1282 3090; x_wconf 85' lang='lat' dir='ltr'><strong>fac·</strong></span> 
     </span>
     <span class='ocr_line' id='line_1_28' title="bbox 133 3121 1282 3209; baseline 0 -19"><span class='ocrx_word' id='word_1_218' title='bbox 133 3131 202 3190; x_wconf 91' lang='lat' dir='ltr'><strong>tum</strong></span> <span class='ocrx_word' id='word_1_219' title='bbox 223 3124 281 3206; x_wconf 90' lang='lat' dir='ltr'><strong>sit,</strong></span> <span class='ocrx_word' id='word_1_220' title='bbox 310 3121 399 3188; x_wconf 87' lang='lat' dir='ltr'><strong>varie</strong></span> <span class='ocrx_word' id='word_1_221' title='bbox 427 3123 603 3203; x_wconf 82' lang='lat' dir='ltr'><strong>excogitari</strong></span> <span class='ocrx_word' id='word_1_222' title='bbox 632 3124 716 3191; x_wconf 91' lang='lat' dir='ltr'><strong>licet.</strong></span> <span class='ocrx_word' id='word_1_223' title='bbox 762 3123 907 3209; x_wconf 85' lang='lat' dir='ltr'><strong>Simplex</strong></span> <span class='ocrx_word' id='word_1_224' title='bbox 936 3131 969 3190; x_wconf 89' lang='lat' dir='ltr'><strong>et</strong></span> <span class='ocrx_word' id='word_1_225' title='bbox 995 3125 1173 3208; x_wconf 90' lang='lat' dir='ltr'><strong>probabilis</strong></span> <span class='ocrx_word' id='word_1_226' title='bbox 1201 3126 1282 3190; x_wconf 92' lang='lat' dir='ltr'><strong>ratio</strong></span> 
     </span>
     <span class='ocr_line' id='line_1_29' title="bbox 133 3222 1282 3311; baseline 0.002 -21"><span class='ocrx_word' id='word_1_227' title='bbox 133 3226 212 3291; x_wconf 92' lang='lat' dir='ltr'><strong>mibi</strong></span> <span class='ocrx_word' id='word_1_228' title='bbox 233 3226 314 3290; x_wconf 88' lang='lat' dir='ltr'><strong>baec</strong></span> <span class='ocrx_word' id='word_1_229' title='bbox 327 3222 455 3290; x_wconf 88' lang='lat' dir='ltr'><strong>videtur</strong></span> <span class='ocrx_word' id='word_1_230' title='bbox 469 3244 550 3292; x_wconf 92' lang='lat' dir='ltr'><strong>esse.</strong></span> <span class='ocrx_word' id='word_1_231' title='bbox 586 3225 721 3292; x_wconf 89' lang='lat' dir='ltr'><strong>Interior</strong></span> <span class='ocrx_word' id='word_1_232' title='bbox 736 3226 983 3309; x_wconf 89' lang='lat' dir='ltr'><strong>uniuscuiusque</strong></span> <span class='ocrx_word' id='word_1_233' title='bbox 1005 3227 1153 3293; x_wconf 88' lang='lat' dir='ltr'><strong>stationis</strong></span> <span class='ocrx_word' id='word_1_234' title='bbox 1167 3227 1282 3311; x_wconf 90' lang='lat' dir='ltr'><strong>paries,</strong></span> 
     </span>
     <span class='ocr_line' id='line_1_30' title="bbox 134 3326 1283 3412; baseline 0.002 -20"><span class='ocrx_word' id='word_1_235' title='bbox 134 3327 189 3392; x_wconf 90' lang='lat' dir='ltr'><strong>ubi</strong></span> <span class='ocrx_word' id='word_1_236' title='bbox 212 3327 316 3393; x_wconf 87' lang='lat' dir='ltr'><strong>exitus</strong></span> <span class='ocrx_word' id='word_1_237' title='bbox 337 3326 478 3410; x_wconf 90' lang='lat' dir='ltr'><strong>patebat,</strong></span> <span class='ocrx_word' id='word_1_238' title='bbox 500 3327 547 3393; x_wconf 91' lang='lat' dir='ltr'><strong>ibi</strong></span> <span class='ocrx_word' id='word_1_239' title='bbox 568 3329 747 3412; x_wconf 85' lang='lat' dir='ltr'><strong>perforatus</strong></span> <span class='ocrx_word' id='word_1_240' title='bbox 770 3335 847 3393; x_wconf 91' lang='lat' dir='ltr'><strong>crat.</strong></span> <span class='ocrx_word' id='word_1_241' title='bbox 884 3328 946 3394; x_wconf 89' lang='lat' dir='ltr'><strong>Per</strong></span> <span class='ocrx_word' id='word_1_242' title='bbox 959 3329 1021 3395; x_wconf 91' lang='lat' dir='ltr'><strong>hoc</strong></span> <span class='ocrx_word' id='word_1_243' title='bbox 1042 3331 1186 3396; x_wconf 81' lang='lat' dir='ltr'><strong>foramen</strong></span> <span class='ocrx_word' id='word_1_244' title='bbox 1199 3330 1283 3396; x_wconf 87' lang='lat' dir='ltr'><strong>funis</strong></span> 
     </span>
     <span class='ocr_line' id='line_1_31' title="bbox 136 3428 1283 3515; baseline 0.002 -21"><span class='ocrx_word' id='word_1_245' title='bbox 136 3428 233 3494; x_wconf 84' lang='lat' dir='ltr'><strong>exitui</strong></span> <span class='ocrx_word' id='word_1_246' title='bbox 255 3434 438 3512; x_wconf 89' lang='lat' dir='ltr'><strong>praetentus</strong></span> <span class='ocrx_word' id='word_1_247' title='bbox 452 3428 474 3511; x_wconf 93' lang='lat'><strong>¹)</strong></span> <span class='ocrx_word' id='word_1_248' title='bbox 504 3428 707 3511; x_wconf 89' lang='lat' dir='ltr'><strong>trahebatur,</strong></span> <span class='ocrx_word' id='word_1_249' title='bbox 739 3430 793 3510; x_wconf 90' lang='lat' dir='ltr'><strong>qui</strong></span> <span class='ocrx_word' id='word_1_250' title='bbox 815 3429 894 3496; x_wconf 90' lang='lat' dir='ltr'><strong>satis</strong></span> <span class='ocrx_word' id='word_1_251' title='bbox 915 3430 1030 3514; x_wconf 86' lang='lat' dir='ltr'><strong>longus</strong></span> <span class='ocrx_word' id='word_1_252' title='bbox 1051 3438 1134 3515; x_wconf 91' lang='lat' dir='ltr'><strong>erat,</strong></span> <span class='ocrx_word' id='word_1_253' title='bbox 1164 3440 1283 3498; x_wconf 90' lang='lat' dir='ltr'><strong>utnon</strong></span> 
     </span>
    </p>
   </div>
   <div class='ocr_carea' id='block_1_5' title="bbox 134 3625 1285 4128">
    <p class='ocr_par' dir='ltr' id='par_1_7' title="bbox 134 3625 1285 4128">
     <span class='ocr_line' id='line_1_32' title="bbox 221 3625 1285 3704; baseline 0.006 -21"><span class='ocrx_word' id='word_1_254' title='bbox 221 3634 247 3693; x_wconf 86' lang='grc'><strong>1)</strong></span> <span class='ocrx_word' id='word_1_255' title='bbox 264 3627 358 3684; x_wconf 86' lang='lat' dir='ltr'><strong>Possis</strong></span> <span class='ocrx_word' id='word_1_256' title='bbox 375 3629 467 3684; x_wconf 85' lang='lat' dir='ltr'><strong>mirari</strong></span> <span class='ocrx_word' id='word_1_257' title='bbox 483 3629 648 3686; x_wconf 86' lang='lat' dir='ltr'><strong>Pausaniam</strong></span> <span class='ocrx_word' id='word_1_258' title='bbox 671 3629 761 3685; x_wconf 85' lang='lat' dir='ltr'><strong>dicere</strong></span> <span class='ocrx_word' id='word_1_259' title='bbox 777 3634 845 3698; x_wconf 73' lang='lat' dir='ltr'><strong>(illa</strong></span> <span class='ocrx_word' id='word_1_260' title='bbox 870 3628 948 3704; x_wconf 67' lang='grc' dir='ltr'><strong><em>,Πρὸ</em></strong></span> <span class='ocrx_word' id='word_1_261' title='bbox 972 3631 1002 3688; x_wconf 75' lang='grc' dir='ltr'><strong>δὲ</strong></span> <span class='ocrx_word' id='word_1_262' title='bbox 1024 3634 1084 3688; x_wconf 81' lang='grc' dir='ltr'><strong>τῶν</strong></span> <span class='ocrx_word' id='word_1_263' title='bbox 1106 3625 1244 3703; x_wconf 79' lang='grc' dir='ltr'><strong><em>ἁρμάτων</em></strong></span> <span class='ocrx_word' id='word_1_264' title='bbox 1267 3627 1285 3704; x_wconf 80' lang='grc' dir='ltr'><em>ἢ</em></span> 
     </span>
     <span class='ocr_line' id='line_1_33' title="bbox 134 3707 1283 3792; baseline 0.001 -21"><span class='ocrx_word' id='word_1_265' title='bbox 134 3718 183 3771; x_wconf 76' lang='grc' dir='ltr'><strong>καὶ</strong></span> <span class='ocrx_word' id='word_1_266' title='bbox 197 3709 296 3770; x_wconf 74' lang='grc' dir='ltr'>ἳππων</span> <span class='ocrx_word' id='word_1_267' title='bbox 318 3718 377 3770; x_wconf 80' lang='grc' dir='ltr'><strong>τῶν</strong></span> <span class='ocrx_word' id='word_1_268' title='bbox 394 3711 537 3786; x_wconf 83' lang='grc' dir='ltr'><em>κελήτων,</em></span> <span class='ocrx_word' id='word_1_269' title='bbox 560 3710 648 3786; x_wconf 79' lang='grc' dir='ltr'><em>διήκει</em></span> <span class='ocrx_word' id='word_1_270' title='bbox 671 3709 729 3788; x_wconf 83' lang='grc' dir='ltr'><strong>πρὸ</strong></span> <span class='ocrx_word' id='word_1_271' title='bbox 749 3708 845 3772; x_wconf 76' lang='grc' dir='ltr'><strong><em>αὐτῶν</em></strong></span> <span class='ocrx_word' id='word_1_272' title='bbox 867 3713 1045 3792; x_wconf 77' lang='grc' dir='ltr'><strong><em>καλῴδιον</em></strong></span> <span class='ocrx_word' id='word_1_273' title='bbox 1062 3709 1140 3772; x_wconf 68' lang='grc' dir='ltr'><strong>ἀντὶ</strong></span> <span class='ocrx_word' id='word_1_274' title='bbox 1157 3707 1283 3789; x_wconf 67' lang='grc' dir='ltr'><strong><em>ὕσπλη-</em></strong></span> 
     </span>
     <span class='ocr_line' id='line_1_34' title="bbox 134 3789 1284 3871; baseline 0.001 -16"><span class='ocrx_word' id='word_1_275' title='bbox 134 3805 220 3871; x_wconf 79' lang='grc' dir='ltr'><em>γος“,</em></span> <span class='ocrx_word' id='word_1_276' title='bbox 237 3797 301 3866; x_wconf 90' lang='lat' dir='ltr'><strong>quia</strong></span> <span class='ocrx_word' id='word_1_277' title='bbox 318 3789 426 3870; x_wconf 56' lang='lat' dir='ltr'><strong>tautae</strong></span> <span class='ocrx_word' id='word_1_278' title='bbox 435 3815 542 3869; x_wconf 84' lang='lat' dir='ltr'><strong>quoque</strong></span> <span class='ocrx_word' id='word_1_279' title='bbox 559 3800 659 3854; x_wconf 88' lang='lat' dir='ltr'><strong>rudens</strong></span> <span class='ocrx_word' id='word_1_280' title='bbox 677 3806 745 3869; x_wconf 90' lang='lat' dir='ltr'><strong>erat,</strong></span> <span class='ocrx_word' id='word_1_281' title='bbox 763 3801 862 3869; x_wconf 87' lang='lat' dir='ltr'><strong>quade</strong></span> <span class='ocrx_word' id='word_1_282' title='bbox 879 3816 963 3856; x_wconf 88' lang='lat' dir='ltr'><strong>causa</strong></span> <span class='ocrx_word' id='word_1_283' title='bbox 979 3802 1007 3855; x_wconf 93' lang='lat' dir='ltr'><strong>iu</strong></span> <span class='ocrx_word' id='word_1_284' title='bbox 1025 3802 1199 3870; x_wconf 88' lang='lat' dir='ltr'><strong>sequentibus</strong></span> <span class='ocrx_word' id='word_1_285' title='bbox 1216 3802 1284 3858; x_wconf 89' lang='lat' dir='ltr'><strong>baec</strong></span> 
     </span>
     <span class='ocr_line' id='line_1_35' title="bbox 135 3875 1285 3957; baseline 0.002 -17"><span class='ocrx_word' id='word_1_286' title='bbox 135 3879 259 3956; x_wconf 70' lang='grc' dir='ltr'><strong><em>καλῴδια</em></strong></span> <span class='ocrx_word' id='word_1_287' title='bbox 285 3888 417 3938; x_wconf 80' lang='lat' dir='ltr'><strong>uocantur</strong></span> <span class='ocrx_word' id='word_1_288' title='bbox 443 3875 590 3957; x_wconf 65' lang='grc' dir='ltr'><em>ὕσπληγες.</em></span> <span class='ocrx_word' id='word_1_289' title='bbox 636 3883 689 3938; x_wconf 87' lang='lat' dir='ltr'><strong>Sed</strong></span> <span class='ocrx_word' id='word_1_290' title='bbox 715 3886 908 3941; x_wconf 85' lang='lat' dir='ltr'><strong>obversabatur</strong></span> <span class='ocrx_word' id='word_1_291' title='bbox 934 3886 1023 3940; x_wconf 91' lang='lat' dir='ltr'><strong>animo</strong></span> <span class='ocrx_word' id='word_1_292' title='bbox 1048 3886 1117 3940; x_wconf 86' lang='lat' dir='ltr'><strong>haec</strong></span> <span class='ocrx_word' id='word_1_293' title='bbox 1143 3887 1285 3942; x_wconf 86' lang='lat' dir='ltr'><strong>scribentis</strong></span> 
     </span>
     <span class='ocr_line' id='line_1_36' title="bbox 135 3959 1283 4041; baseline 0.002 -16"><span class='ocrx_word' id='word_1_294' title='bbox 135 3959 242 4040; x_wconf 71' lang='grc' dir='ltr'><strong><em>ὅσπληξ</em></strong></span> <span class='ocrx_word' id='word_1_295' title='bbox 258 3975 409 4023; x_wconf 87' lang='lat' dir='ltr'><strong>ceterorum</strong></span> <span class='ocrx_word' id='word_1_296' title='bbox 428 3969 563 4025; x_wconf 90' lang='lat' dir='ltr'><strong>circorum</strong></span> <span class='ocrx_word' id='word_1_297' title='bbox 580 3973 607 4023; x_wconf 88' lang='lat' dir='ltr'><strong>et</strong></span> <span class='ocrx_word' id='word_1_298' title='bbox 625 3969 775 4025; x_wconf 86' lang='lat' dir='ltr'><strong>stadiorum</strong></span> <span class='ocrx_word' id='word_1_299' title='bbox 787 3971 905 4041; x_wconf 85' lang='lat' dir='ltr'><strong>propria,</strong></span> <span class='ocrx_word' id='word_1_300' title='bbox 923 3986 993 4040; x_wconf 89' lang='lat' dir='ltr'><strong>quae</strong></span> <span class='ocrx_word' id='word_1_301' title='bbox 1003 3971 1089 4026; x_wconf 87' lang='lat' dir='ltr'><strong>multo</strong></span> <span class='ocrx_word' id='word_1_302' title='bbox 1101 3972 1207 4041; x_wconf 78' lang='lat' dir='ltr'><strong>longior</strong></span> <span class='ocrx_word' id='word_1_303' title='bbox 1224 3973 1283 4027; x_wconf 91' lang='lat' dir='ltr'><strong>uni·</strong></span> 
     </span>
     <span class='ocr_line' id='line_1_37' title="bbox 136 4045 1284 4128; baseline 0.002 -18"><span class='ocrx_word' id='word_1_304' title='bbox 136 4067 227 4110; x_wconf 77' lang='lat' dir='ltr'><strong>versas</strong></span> <span class='ocrx_word' id='word_1_305' title='bbox 245 4051 376 4108; x_wconf 63' lang='lat' dir='ltr'><strong>sationes</strong></span> <span class='ocrx_word' id='word_1_306' title='bbox 393 4069 448 4108; x_wconf 88' lang='lat' dir='ltr'><strong>uua</strong></span> <span class='ocrx_word' id='word_1_307' title='bbox 466 4053 618 4121; x_wconf 86' lang='lat' dir='ltr'><strong>claudebat,</strong></span> <span class='ocrx_word' id='word_1_308' title='bbox 636 4057 667 4108; x_wconf 90' lang='lat' dir='ltr'><strong>nt</strong></span> <span class='ocrx_word' id='word_1_309' title='bbox 679 4054 729 4111; x_wconf 90' lang='lat' dir='ltr'><strong>hos</strong></span> <span class='ocrx_word' id='word_1_310' title='bbox 746 4055 882 4110; x_wconf 75' lang='lat' dir='ltr'><strong>funiculos</strong></span> <span class='ocrx_word' id='word_1_311' title='bbox 894 4045 1039 4128; x_wconf 70' lang='lat' dir='ltr'><strong>ioulqycc</strong></span> <span class='ocrx_word' id='word_1_312' title='bbox 1049 4057 1187 4125; x_wconf 88' lang='lat' dir='ltr'><strong>appellare</strong></span> <span class='ocrx_word' id='word_1_313' title='bbox 1197 4058 1284 4127; x_wconf 89' lang='lat' dir='ltr'><strong>primo</strong></span> 
     </span>
    </p>
   </div>
   <div class='ocr_carea' id='block_1_6' title="bbox 0 0 1564 4774">
    <p class='ocr_par' dir='ltr' id='par_1_8' title="bbox 0 0 1564 4774">
     <span class='ocr_line' id='line_1_38' title="bbox 0 0 1564 4774; baseline 0 0"><span class='ocrx_word' id='word_1_314' title='bbox 0 0 1564 4774; x_wconf 95' lang='lat' dir='ltr'><strong> </strong></span> 
     </span>
    </p>
   </div>
  </div>
 </body>
</html>
