3096 4766
728 1180 767 1245 A.

414 1329 475 1413 llll
502 1328 796 1413 HlPPODROMO
823 1328 1070 1414 homilitico.

598 1465 671 1532 (nias
694 1470 723 1522 Ψ
740 1469 896 1532 aea-eso.)

253 1637 498 1725 Simplicissima
513 1637 716 1723 hippodromi
730 1639 834 1705 forma
849 1644 898 1706 est
911 1638 1050 1723 spatium
1069 1638 1241 1721 derectum,
1264 1661 1322 1725 per

167 1741 254 1825 quod
276 1761 296 1806 a
318 1743 499 1809 carceribus
521 1761 624 1825 usque
646 1740 807 1808 adfinem
829 1743 883 1808 vel
898 1742 1003 1827 potius
1019 1747 1147 1825 praeter
1168 1741 1264 1809 finem
1280 1780 1321 1790 -

166 1864 271 1926 neque
293 1843 378 1910 enim
400 1842 606 1910 citatissimos
636 1863 788 1926 equorum
810 1848 921 1910 cursus
945 1849 1077 1926 repente
1100 1850 1205 1927 potest
1226 1845 1318 1910 susti-

166 1944 236 2011 neri
257 1980 315 2026 -,
344 1951 379 2010 ut
400 1964 421 2010 a
442 1943 684 2028 stadiodromis‚
708 1947 857 2014 continuo
879 1967 938 2013 nec
959 1945 1024 2013 ullo
1048 1944 1143 2013 modo
1165 1946 1319 2031 impedito

167 2068 261 2114 cursu
284 2045 456 2130 curritur¹).
493 2047 583 2111 Talis
604 2046 707 2114 forma
728 2068 804 2113 num
818 2066 959 2129 unquam
974 2043 1194 2133 hippodromis
1215 2048 1319 2132 fucrit,

167 2149 314 2232 quamvis
336 2149 440 2233 prima
462 2162 608 2231 quaeque
631 2149 786 2216 curricula
805 2150 852 2216 ita
867 2152 1006 2216 formata
1026 2149 1125 2216 fuisse
1146 2148 1320 2217 verisimile

167 2254 224 2338 sit,
255 2259 376 2337 tamen,
406 2272 478 2319 cum
500 2250 621 2317 diserta
643 2251 827 2319 testimonia
849 2251 972 2336 desint,
1003 2258 1090 2318 certo
1113 2253 1177 2319 dici
1199 2256 1318 2335 nequit.

166 2354 301 2421 Diodori
322 2354 422 2420 Siculi
445 2352 690 2439 hippodromum
712 2353 868 2422 Oenomai
895 2353 1105 2420 describentis
1129 2355 1187 2438 (lV
1211 2361 1261 2439 73,
1284 2357 1318 2444 3)

166 2456 322 2525 eiusmodi
343 2456 481 2541 simplex
495 2457 599 2522 forma
613 2456 721 2523 animo
736 2456 865 2525 videtur
879 2457 979 2524 fuisse
994 2459 1178 2524 obversata:
1202 2455 1318 2544 [Οἰνό-

165 2555 262 2645 μαος]
290 2554 503 2646 ὑπεστήσατο
535 2556 767 2644 ἱπποδρομίαν
797 2552 866 2626 ἀπὸ
890 2564 1002 2646 Πίσης
1031 2563 1127 2646 μέχρι
1152 2563 1212 2626 τοῦ
1233 2559 1317 2626 κατὰ

165 2661 336 2747 Κόρινθον
356 2653 508 2744 Ἰσθμοῦ,
531 2657 618 2746 πρὸς
639 2657 698 2726 τὸν
719 2659 835 2746 βωμὸν
856 2664 916 2727 τοῦ
938 2662 1163 2740 Ποσειδῶνος.
1200 2663 1318 2731 Posses

164 2766 249 2832 hanc
270 2785 359 2831 aram
380 2783 439 2847 pro
462 2769 549 2829 meta
562 2763 661 2831 fuisse
676 2765 748 2850 reri,
771 2764 833 2832 nisi
848 2770 959 2832 auctor
977 2771 1139 2849 pergeret:
1163 2769 1319 2854 Φθείρας

166 2868 217 2947 δέ,
247 2867 307 2950 ait,
338 2860 367 2952 [ὁ
392 2862 527 2952 Πέλοψ]
550 2862 608 2931 τὸν
630 2859 763 2953 ἡνίοχον
788 2869 847 2932 τοῦ
874 2865 1043 2951 Οἰνομάου
1066 2869 1240 2953 Μυρτῑλον
1261 2871 1317 2936 καὶ

168 2967 280 3054 λαβὼν
307 2966 462 3054 σύνεργον
490 2965 577 3052 πρὸς
598 2965 658 3054 τὴν
681 2973 771 3056 νίκην
800 2967 935 3056 ἔφθασε
956 2969 1225 3057 παραγενόμενος
1246 2969 1317 3039 ἐπὶ

164 3064 431 3154 τὸνἸσθμόν,
454 3067 560 3157 πρὸς
581 3068 649 3136 τὸν
671 3072 1031 3151 τοῦΠοσειδώνος
1053 3065 1209 3157 βωμόν,
1233 3075 1317 3140 unde

165 3195 253 3241 aram
274 3173 372 3240 finem
394 3173 491 3240 totius
513 3174 660 3240 curriculi
679 3174 779 3242 fuisse
801 3174 983 3242 concludas.
1027 3176 1111 3241 Nam
1135 3195 1190 3242 cur
1212 3173 1315 3242 Oeno·

165 3296 256 3344 maus
278 3296 350 3343 cum
373 3276 415 3343 ab
438 3273 624 3342 adversario
646 3295 717 3342 sese
732 3277 853 3343 victum
871 3276 1005 3361 videret,
1028 3297 1140 3344 manus
1162 3276 1226 3343 sihi
1247 3278 1316 3363 ipse

165 3378 331 3461 intulisset,
354 3376 440 3460 quod
455 3378 589 3462 scriptor
604 3378 753 3445 continuo
768 3385 885 3463 narrat,
907 3378 936 3445 si
951 3378 984 3444 in
999 3378 1105 3446 reditu
1117 3379 1209 3446 illum
1224 3399 1315 3448 occu-

166 3480 263 3566 pandi
283 3481 420 3547 facultas
443 3481 474 3546 ei
493 3481 608 3547 relicta
628 3481 764 3550 fuisset?
798 3480 889 3548 Idem
911 3481 1057 3548 inaudita
1080 3481 1226 3548 curriculi
1247 3483 1314 3550 lon·
1427 3483 1430 3490 '

165 3582 277 3664 gitudo
305 3581 383 3649 mihi
410 3583 591 3667 persuadet.
634 3583 701 3650 Sed
728 3589 763 3649 ut
785 3581 912 3650 Siculus
941 3582 1115 3665 antiquitus
1144 3584 1316 3653 memoriae
1374 3614 1383 3635 ·

166 3683 285 3750 tradita
305 3683 430 3769 reddat,
452 3685 530 3768 quid
552 3707 593 3754 ex
614 3686 681 3754 illis
702 3686 820 3752 fabulis
841 3684 884 3752 ad
899 3706 1009 3753 verum
1024 3685 1314 3767 antiquissimorum

166 3793 345 3869 temporum
372 3807 463 3854 usum
491 3787 644 3870 colligere
671 3788 863 3874 possumus?
907 3788 1031 3855 Eadem
1056 3789 1174 3875 forma,
1204 3809 1312 3872 quam·

166 3909 263 3972 quam
285 3888 385 3955 multo
406 3890 554 3958 breviore
575 3907 615 3957 ac
635 3911 739 3977 paene
753 3890 848 3958 nimis
862 3890 955 3958 brevi
969 3891 1074 3977 spatio
1089 3891 1229 3976 quinque
1250 3899 1313 3959 sta-

252 4079 275 4142 1)
294 4074 349 4130 cfr.
367 4073 474 4132 Kraum
492 4076 589 4146 cynn.
606 4079 634 4130 et
650 4074 773 4144 Agonis.
792 4091 820 4146 p.
833 4063 892 4130 sle.
907 4080 966 4132 σοι.
