3096 4766
275 314 316 371 26
487 313 517 369 C.
544 314 594 368 DE
612 315 740 382 QUINTI
757 315 947 368 stimant
963 314 1213 370 HIPPODROMO.

275 493 418 552 secutum
449 507 519 553 esse
548 489 745 553 simillimum
775 495 824 554 est
845 490 923 556 veri.
968 488 1096 552 Etenim
1118 490 1256 553 Arminii
1276 489 1457 572 Koechly

276 590 434 654 sententia
455 590 590 673 (proleg.
613 590 656 655 ad
678 590 755 656 edit
779 589 817 668 Q.
841 589 968 674 Smym.
990 609 1022 671 p.
1037 590 1174 668 XXVD:
1206 584 1368 656 ‘Secutus
1399 601 1458 656 est

276 681 462 756 Homerum'
496 691 575 756 mihi
597 693 726 775 quidem
748 694 843 757 nimis
873 711 987 758 severa
1015 703 1111 774 utque
1141 699 1278 776 angusta
1298 693 1457 758 videtur

275 811 355 857 esse.
401 791 437 858 Si
458 814 571 859 verum
593 803 651 877 est,
674 794 761 877 quod
782 792 868 858 idem
891 795 942 860 vir
963 795 1076 860 doctus
1099 796 1205 877 (proll.
1226 815 1259 877 p.
1274 795 1318 870 X)
1345 797 1455 860 coni·

276 895 334 976 cit,
364 896 488 978 cyclica
510 895 653 961 carmina
680 897 745 963 illis
774 897 971 978 temporibus
999 899 1063 961 iam
1086 916 1149 961 non
1170 897 1256 962 lecta
1277 916 1377 977 esse,
1415 905 1457 961 at

238 999 240 1004 '
276 1001 362 1061 certe
389 997 576 1079 posterioris
599 1000 730 1081 aetatis,
760 999 896 1065 fortasse
917 998 1175 1080 Alexandrinae,
1205 1001 1259 1065 vel
1280 1000 1347 1063 nisi
1380 999 1455 1064 hoc

275 1096 401 1180 sufficit,
425 1101 522 1163 etiam
544 1100 715 1182 inferioris,
738 1102 879 1167 carmine
900 1102 946 1166 uti
968 1101 1086 1184 potuit,
1110 1100 1196 1182 quod
1218 1102 1404 1165 materiem
1431 1121 1455 1164 a

276 1200 400 1283 cyclico
423 1201 479 1265 illo
500 1220 559 1283 per
580 1203 699 1284 plures,
722 1204 750 1268 si
764 1203 864 1285 lubet,
886 1221 999 1268 manus
1022 1203 1198 1285 repetebat.
1235 1203 1283 1267 Ac
1304 1204 1454 1285 eyclica

274 1309 425 1384 poemata
456 1302 663 1384 perlustranti
695 1305 818 1368 nullum
851 1303 931 1369 mihi
961 1304 1088 1369 videtur
1116 1305 1237 1386 aptius,
1270 1303 1313 1368 ad
1342 1304 1451 1386 quod

276 1403 370 1469 huius
393 1405 439 1468 rei
455 1424 560 1470 novae
576 1407 666 1488 origo
682 1407 847 1487 reseratur,
871 1427 967 1488 qnam
980 1407 1104 1471 Arotini
1118 1405 1299 1487 Aethiopis.
1332 1407 1450 1470 Hunc

275 1505 361 1569 enim
389 1507 526 1586 primum
555 1508 735 1588 equitantes
757 1506 938 1574 Amazones
964 1528 1100 1591 eumque
1121 1506 1173 1573 his
1194 1508 1277 1573 alios
1299 1528 1447 1591 qnoque

276 1604 390 1672 heroes
413 1608 455 1672 de
478 1610 569 1690 equis
590 1615 769 1692 pugnantes
791 1611 826 1673 in
848 1608 981 1674 heroum
1010 1629 1138 1674 carmen
1167 1608 1333 1675 induxisse
1358 1631 1445 1692 pro·

276 1709 393 1774 babilis
422 1717 470 1776 est
498 1713 655 1777 sententia
678 1710 841 1776 Welckeri
864 1712 934 1793 (Ep.
951 1711 1039 1796 Cyel.
1055 1711 1096 1774 ll.
1118 1731 1149 1793 p.
1167 1714 1229 1774 215
1244 1717 1344 1793 sqq),
1383 1713 1443 1777 cni

275 1829 376 1892 nuper
398 1820 602 1878 monumento
625 1813 711 1895 apud
734 1812 1072 1896 Gjoelbaschi-Trysa,
1095 1815 1202 1879 vicum
1223 1813 1355 1896 Lyciae,
1385 1833 1442 1878 re-

275 1919 365 1994 perto
389 1923 421 1978 et
443 1935 463 1979 a
486 1914 678 1980 Benndortio
703 1915 925 1980 Vindobonam
953 1921 1166 1996 transportato
1194 1927 1313 1980 novum
1335 1915 1441 1980 addi-

276 2022 341 2079 tum
366 2024 414 2081 est
435 2015 674 2082 adminiculum.
718 2018 756 2082 In
779 2017 977 2100 hyperthyro
1000 2016 1094 2082 huius
1116 2017 1224 2099 aedis,
1253 2017 1343 2082 cuins
1368 2019 1440 2083 ori·

224 2193 229 2206 .
275 2118 383 2199 ginem
406 2118 643 2202 archaeologici
665 2119 708 2184 ad
729 2120 895 2184 minimum
911 2120 1015 2200 quarti
1031 2140 1060 2183 a.
1077 2118 1135 2184 Oh.
1150 2139 1181 2182 u.
1198 2119 1320 2184 saeculi
1335 2120 1439 2183 initio

275 2222 432 2302 tribuunt,
461 2223 640 2288 Amazones
663 2222 753 2287 vario
783 2220 896 2286 habitu
925 2222 966 2285 de
995 2222 1086 2303 equis
1115 2221 1305 2286 dimicantes
1333 2220 1437 2286 fictae

276 2332 357 2404 sunt,
381 2325 466 2390 unde
490 2326 701 2406 equitantium
716 2325 914 2388 Amazonum
936 2324 1120 2405 opinionem
1143 2331 1210 2388 tum
1228 2324 1384 2405 temporis
1400 2325 1437 2387 in

275 2424 340 2490 illis
369 2432 455 2490 certe
484 2428 669 2507 regionibus
698 2426 920 2508 pervulgatam
948 2427 1046 2491 fuisse
1076 2427 1190 2492 elucet.
1241 2423 1335 2502 Quod
1363 2445 1434 2491 non

276 2528 389 2591 mirum
414 2534 462 2592 est
484 2526 604 2592 idcirco
627 2529 703 2608 quia
717 2529 897 2593 Amazones
921 2529 1039 2610 quippe
1062 2528 1103 2592 ab
1126 2528 1248 2592 oriente
1263 2527 1434 2609 profectae

274 2629 372 2694 Asiae
395 2629 538 2711 gentium
560 2629 808 2712 cogitationibus
827 2631 927 2695 multo
942 2631 1045 2713 magis
1061 2629 1315 2694 obversabantur
1330 2649 1432 2712 quam

275 2730 532 2796 occidentalium.
576 2730 691 2813 Neque
714 2731 916 2798 obliviscaris
939 2733 1099 2799 Milesium
1128 2732 1227 2796 fuisse
1249 2730 1431 2796 Arctinum.

276 2831 412 2909 Quintus
441 2838 547 2897 autem
575 2841 683 2898 noster
711 2834 738 2898 si
767 2832 901 2899 Homeri
935 2837 1063 2902 servilis
1099 2840 1237 2900 sectator
1271 2834 1431 2899 exsistere

275 2935 445 3015 voluisset,
474 2953 515 2999 ne
536 2935 610 3000 aliis
633 2935 763 3017 quidem
792 2937 873 3003 locis
903 2939 1027 3019 equites
1057 2938 1251 3020 proeliantes
1274 2934 1431 3001 inducere

276 3037 424 3120 debebat,
447 3035 535 3119 quod
557 3039 685 3119 saepius
708 3038 784 3103 lecit
807 3039 874 3115 (cfr.
891 3038 1054 3104 Welckeri
1077 3058 1127 3120 ep.
1144 3037 1232 3122 Cycl.
1252 3037 1293 3101 ΙΙ.
1316 3056 1347 3119 p.
1364 3039 1429 3102 218

275 3141 349 3205 adn.
374 3141 435 3213 87).

360 3240 397 3304 In
421 3258 459 3305 eo
482 3260 610 3324 quoque
632 3242 674 3306 ab
696 3242 869 3309 Homerica
890 3241 1119 3308 consuetudine
1143 3241 1305 3324 discessit,
1339 3242 1429 3324 quod

276 3363 335 3409 neo
362 3344 493 3407 nomina
520 3345 661 3408 omnium
691 3346 832 3426 equitum
861 3363 921 3408 nee
948 3362 1115 3408 numerum
1144 3351 1292 3410 accurate
1320 3345 1429 3409 attulit

276 3448 340 3524 (vv.
358 3450 420 3509 545
436 3453 468 3510 et
484 3446 545 3510 589
563 3438 682 3520 ἄλλοι).
723 3447 865 3510 Duorum
889 3445 1029 3510 solorum
1051 3444 1181 3508 nomina
1203 3447 1426 3529 comperimus,

275 3548 542 3630 Agamemnonis,
566 3549 636 3629 qui,
664 3553 698 3611 ut
719 3554 815 3613 antea
836 3549 933 3612 frater
955 3546 1135 3629 Menelaus,
1158 3545 1262 3611 victor
1284 3567 1301 3612 e
1325 3555 1426 3614 certa·

276 3650 360 3715 mine
390 3649 537 3730 procedit
564 3653 607 3724 (v.
631 3650 721 3731 580),
751 3655 783 3713 et
805 3647 951 3714 Stheneli
980 3646 1121 3712 seeundo
1149 3651 1293 3728 praemio
1323 3653 1426 3715 ornati

275 3753 338 3816 (vv.
357 3753 428 3814 564.
446 3753 504 3814 581
520 3751 590 3832 sq).
633 3749 785 3832 Accedit,
815 3757 934 3815 utnon
957 3751 990 3814 in
1012 3749 1184 3816 Homerico
1213 3750 1425 3834 hippodromo

276 3853 408 3917 certatio
438 3852 509 3935 fiat,
539 3851 612 3933 sed,
643 3858 677 3916 ut
698 3852 785 3934 apud
807 3851 972 3935 Nonnum,
1007 3852 1039 3915 in
1062 3850 1215 3918 bimetato
1245 3873 1340 3936 quem
1362 3873 1424 3918 uno

276 3952 375 4018 verbo
398 3955 640 4036 appellaverim.
686 3953 834 4035 Namque
858 3973 908 4018 vv.
926 3956 987 4018 565
1010 3961 1042 4020 et
1064 3957 1125 4020 583
1148 3955 1295 4020 Stheneli
1324 3974 1423 4036 equus

276 4073 398 4138 saepe
414 4053 598 4131 (πολλάκις)
615 4056 732 4121 dicitnr
747 4076 767 4120 a
783 4063 868 4120 meta
883 4056 1032 4124 aberrare
1048 4059 1115 4134 (cfr.
1131 4079 1162 4141 p.
1180 4062 1198 4123 9
1212 4061 1282 4138 sq),
1305 4077 1347 4123 ex
1363 4077 1424 4139 qua
