3096 4766
262 290 283 344 Ι.
312 291 362 344 DE
380 289 558 358 EQUORUM
576 289 793 346 CURRICULIS
811 291 858 344 AB
877 290 992 344 EPlClS
1010 288 1231 344 Duscslrsrs.
1302 288 1320 345 5

173 465 249 528 vato
271 462 382 529 ordine
403 463 573 530 Homerico
595 467 788 529 armatorum
810 481 949 546 pugnam
970 462 1037 544 (V.)
1059 461 1175 543 omisit,
1198 457 1250 523 hic
1272 478 1320 525 or·

173 563 280 629 dinem
304 585 344 630 ex
366 570 458 650 parte
486 565 686 650 permutavit.
729 560 872 630 ‘Nudum
893 557 1023 640 ferrum'
1050 563 1133 646 (VI.)
1156 561 1252 628 Statii
1274 581 1320 626 re-

133 733 134 736 ,
173 665 309 749 spondet
338 666 526 734 Homericae
555 666 808 754 hoplomachiae.
858 666 954 751 Apud
986 666 1122 733 eundem
1155 684 1231 730 arcu
1259 682 1321 728 uon

173 773 312 834 certatur
332 768 388 834 illo
412 768 551 852 quidem,
573 770 631 836 sed
653 771 766 853 ingens
781 769 910 836 Adrasti
932 768 1048 834 missus
1070 773 1120 834 est
1140 787 1198 852 pro
1221 769 1319 832 certa·

173 869 266 935 tione.
303 868 353 935 Ne
369 869 481 939 hastae
497 872 624 954 quidem
640 878 801 938 certamen
814 891 943 957 prorsus
964 869 1092 937 silentio
1114 867 1318 954 praeteritur:

173 971 266 1037 datur
292 972 376 1038 euim
401 993 432 1038 v.
456 976 518 1039 928
546 973 685 1041 Adrasto
713 973 800 1059 optio
828 975 911 1040 iuter
945 972 1071 1038 hastam
1099 976 1133 1036 et
1160 969 1320 1053 sagittam.

172 1073 371 1156 Longissima
386 1076 428 1141 ab
444 1074 575 1142 Homeri
590 1077 779 1144 auctoritate
794 1075 942 1143 discessit
955 1074 1092 1153 Quintus
1114 1092 1186 1139 cum
1209 1070 1320 1137 ordine

172 1181 237 1240 tum
265 1196 396 1244 numero
424 1179 641 1244 certaminum.
685 1178 821 1245 Addidit
842 1178 927 1246 euim
949 1179 1081 1259 saltum,
1110 1171 1320 1260 pancratium,

171 1278 304 1369 equites,
320 1286 352 1344 et
366 1281 530 1363 praemisit
541 1282 686 1350 Nestoris
701 1272 919 1366 carmen,quo
932 1278 1103 1345 Thetidem
1118 1285 1150 1344 et
1160 1275 1320 1343 Achillem

168 1381 280 1447 laudat
301 1381 345 1465 (v.
372 1385 430 1446 129
452 1374 583 1466 ὕμνεεν,
606 1405 637 1452 u.
665 1387 721 1448 147
744 1383 884 1467 μέλπε),
912 1403 976 1450 non
998 1381 1077 1446 illud
1101 1378 1231 1462 quidem
1254 1397 1317 1443 cer-

169 1489 288 1567 tamen,
309 1483 368 1551 sed
390 1487 501 1552 musici
515 1487 697 1553 certaminis
712 1487 806 1568 quasi
824 1485 1030 1551 incunabula:
1054 1486 1214 1548 certarent
1236 1480 1319 1546 euim
1369 1495 1372 1502 ’

169 1587 225 1653 alii
247 1607 319 1654 cum
341 1608 390 1671 eo,
413 1588 441 1653 si
463 1587 616 1655 auderent
638 1589 682 1672 (v.
708 1585 877 1670 124-27).
915 1586 1062 1667 Denique
1084 1588 1232 1666 equestre
1254 1601 1318 1648 cer-

170 1695 293 1775 tamen,
316 1689 401 1773 quod
423 1691 510 1774 apud
533 1698 655 1757 eeteros
677 1693 813 1776 primum
835 1690 941 1756 locum
963 1686 1101 1770 obtinet,
1123 1685 1157 1751 in
1178 1683 1242 1751 fine
1263 1704 1319 1768 po·

169 1795 240 1860 suit.
288 1793 326 1858 Id
354 1793 432 1858 satis
460 1794 574 1858 mirum
604 1801 667 1876 est,
698 1795 774 1877 quia
802 1793 918 1859 Graeci
946 1791 1094 1858 solebant
1121 1789 1223 1873 primo
1251 1775 1320 1853 sole'

170 1896 260 1978 equis
289 1894 453 1960 decertare
481 1893 576 1974 (Stat.
600 1896 702 1962 Theb.
726 1897 770 1962 v1
792 1893 885 1978 261),
914 1894 994 1959 haec
1015 1896 1122 1958 autem
1145 1887 1320 1956 certamina

34 2023 37 2030 ⁴
170 1996 278 2061 omnia
298 2015 363 2061 uno
386 1996 438 2061 die
453 1994 667 2062 conficiuntur.
704 1997 852 2078 Namque
867 1994 1011 2074 Athenis,
1033 1993 1097 2074 ubi,
1120 1990 1207 2073 quod
1221 2009 1317 2075 pana-

171 2097 311 2162 thenaici
338 2096 422 2162 tituli
451 2103 607 2164 testantur
637 2096 722 2181 (OIA
744 2099 776 2162 ΙΙ
798 2096 952 2180 966-9),
982 2098 1129 2176 equestre
1159 2098 1319 2157 certamen

171 2199 339 2267 sollemnia
366 2199 592 2283 concludebat,
620 2206 656 2266 ut
677 2198 847 2285 Olympiae
876 2198 955 2264 alibi
983 2195 1102 2265 recenti
1130 2195 1183 2261 die
1211 2192 1318 2259 fiebat.

171 2300 265 2389 Apud
281 2301 464 2386 Thessalos,
488 2302 516 2367 si
537 2302 599 2368 hoc
614 2322 656 2367 ex
679 2323 740 2368 uno
763 2301 855 2368 titulo
871 2299 1046 2384 agonistico
1070 2297 1166 2380 (Ball.
1184 2295 1224 2362 de
1239 2314 1318 2361 corr.

169 2405 245 2471 hell.
267 2407 299 2471 X
321 2408 393 2488 438,
415 2403 561 2489 Larisae)
584 2402 693 2488 colligi
715 2404 799 2486 licet,
822 2404 864 2468 ab
887 2401 1047 2484 equitibus
1069 2400 1232 2467 oriebatur
1253 2416 1317 2487 cer-

168 2507 320 2573 taminum
343 2506 475 2573 initium.
