3088 4774
530 317 563 370 Δ.
592 316 643 371 DE
659 317 895 374 CARCERIBUS.
1248 323 1291 381 69

136 495 174 558 ut
188 491 302 556 iterum
317 491 497 574 iterumque
512 496 652 576 repetam
668 496 765 573 atquc
780 510 921 572 urgeam,
940 492 1102 558 rarissime
1117 500 1171 558 aut
1187 515 1292 578 paene

88 589 93 596 ’
134 611 300 674 nunquam
322 594 441 658 factum
463 600 520 660 cst.
558 595 705 673 Namque
720 613 791 658 cum
806 594 842 659 id
856 594 1051 666 incommodi
1074 595 1105 660 ei
1120 596 1290 680 accideret,

135 695 224 776 quod
245 695 432 780 longissime
454 715 475 760 a
496 701 582 761 meta
599 694 838 778 prohibebatur,
861 703 968 760 tamen
990 716 1053 761 non
1076 698 1178 762 solum
1201 698 1289 764 nullo

135 802 271 880 urgente
293 799 360 864 lata
382 798 413 864 ei
435 798 489 864 via
510 798 652 880 patebat,
674 796 733 862 sed
749 797 845 862 etiam
860 796 1047 864 citatissimo
1063 818 1156 865 eursu
1178 801 1289 864 orbem

135 899 254 965 circum
278 909 395 966 metam
419 901 566 984 quamvis
582 899 805 984 spatiosiorem
820 900 1002 966 describere
1018 899 1185 984 poterat.¹)
1217 901 1289 981 Qua

135 1001 178 1068 de
201 1023 300 1069 cansa
322 1022 384 1068 non
399 1001 495 1070 eredo
511 989 650 1083 unquam
666 1019 777 1067 omnes
792 1008 949 1068 certantes
973 1020 1037 1067 una
1058 1020 1163 1083 aequa
1185 1005 1288 1071 fronte

134 1102 180 1168 ad
201 1104 284 1170 hanc
307 1112 424 1171 metam
447 1106 648 1190 pervenisse,
670 1104 729 1170 sed
750 1103 805 1186 ita,
829 1104 858 1168 si
879 1105 960 1170 forte
985 1104 1090 1169 cuncti
1111 1105 1289 1172 incolumes

135 1205 251 1272 eodem
274 1214 416 1290 tempore
439 1207 501 1273 huc
515 1213 679 1287 venerant,
702 1211 737 1269 ut
751 1225 773 1269 a
795 1205 907 1271 dextro
930 1204 1091 1272 sinistrum
1111 1227 1208 1272 cornu
1232 1208 1288 1273 ad·

135 1307 266 1373 modum
295 1310 390 1390 longe
419 1317 630 1394 superaretur.
673 1307 742 1373 Nec
764 1306 864 1373 debes
890 1309 1022 1373 omnino
1043 1309 1107 1373 reri
1129 1314 1287 1375 certantes

134 1417 271 1494 excepto
294 1411 422 1477 sinistro
444 1412 590 1492 agonista
612 1411 706 1476 orbes
728 1409 935 1476 semicirculis
952 1410 1069 1476 ciream
1092 1420 1209 1477 metam
1232 1411 1286 1478 de-

133 1513 262 1597 scriptis
282 1533 377 1598 pares
399 1513 583 1580 confecisse.
628 1512 769 1578 Minime.
813 1512 930 1577 Verum
960 1513 1075 1593 quibus
1097 1523 1215 1580 metam
1238 1533 1286 1579 ra·

133 1613 211 1680 dere
232 1635 295 1681 non
318 1617 503 1700 contigerat,
525 1615 556 1681 ei
577 1615 728 1681 damnum
755 1611 959 1697 compendio,
982 1615 1068 1695 quod
1090 1615 1217 1698 licebat,
1240 1617 1288 1681 ita

135 1718 395 1801 compensabant,
418 1727 452 1783 ut
467 1717 613 1783 adductis
628 1718 705 1782 loris
720 1715 855 1781 sinistris
878 1714 987 1779 orbem
1011 1732 1106 1795 quam
1128 1718 1287 1784 artissime
1347 1755 1350 1760 ·

133 1827 284 1902 cogerent
305 1819 414 1901 itaque
437 1820 534 1885 etiam
557 1838 640 1883 nune
662 1826 778 1884 metam
802 1836 898 1900 quam
925 1818 1070 1901 proxime
1093 1819 1285 1886 circumflec-

133 1926 200 1986 tere
229 1921 402 1988 studerent.
448 1923 651 2006 Quapropter
677 1921 705 1986 si
734 1921 805 2002 quis
833 1941 900 1986 rem
928 1920 992 1984 sibi
1019 1919 1065 1985 ita
1093 1921 1301 2014 cogitatione·

132 2019 240 2104 fingat,
264 2028 298 2088 ut
312 2024 528 2108 agonistarum
545 2025 633 2089 acies
647 2029 811 2104 tamquam
826 2021 934 2088 radius
952 2022 986 2086 in
1000 2029 1117 2105 puncto
1132 2024 1178 2089 Ma
1202 2022 1285 2088 fixus

133 2129 166 2188 et
195 2124 312 2190 circum
341 2126 403 2192 hoc
431 2131 535 2192 motus
564 2133 682 2191 metam
712 2124 939 2206 circumierint,
969 2121 1128 2205 quomodo
1156 2122 1285 2190 ordines

132 2224 269 2290 militnm
299 2225 466 2295 decurrere
494 2230 613 2310 solent,
646 2227 675 2292 is
702 2246 835 2311 pravam
870 2226 916 2290 rei
948 2225 1087 2310 speciem
1116 2245 1154 2291 ac
1181 2245 1286 2308 paene

131 2326 300 2393 ridiculam
323 2331 416 2414 cepit.
460 2331 545 2394 Nam
564 2336 789 2413 praeterquam
811 2326 897 2409 quod
922 2327 1102 2394 celeritates
1131 2347 1286 2410 equorum

131 2429 178 2495 ita
206 2431 408 2499 modificatae
437 2453 508 2499 esse
537 2432 738 2515 debuissent,
771 2437 806 2496 ut
839 2437 927 2496 certa
954 2431 1077 2495 ratione
1106 2440 1284 2495 extrorsum

132 2540 323 2617 crescerent,
345 2535 466 2619 primus
487 2535 636 2620 agonista
657 2554 721 2599 non
744 2540 810 2599 tam
831 2534 948 2599 stultus
971 2540 1002 2598 et
1026 2532 1127 2597 bonus
1149 2540 1227 2612 erat,
1251 2537 1286 2596 ut

131 2633 174 2699 ad
196 2642 315 2701 metam
337 2635 421 2701 fixus
444 2643 655 2720 exspectaret,
677 2636 753 2702 dum
777 2636 875 2702 ceteri
898 2634 1113 2701 semicirculos
1136 2633 1282 2699 absolve·

130 2744 209 2801 rent.
252 2739 356 2803 Immo
377 2740 405 2803 is
434 2740 498 2804 iam
528 2741 727 2823 aliquantum
749 2738 908 2804 ulterioris
930 2738 1043 2820 spinae
1064 2735 1175 2802 lateris
1197 2744 1285 2802 reeta

131 2846 305 2922 carpserat,
327 2860 397 2906 cum
421 2842 519 2907 ceteri
541 2842 652 2908 orbem
673 2841 814 2906 nondum
831 2841 1041 2904 confecerant.
1082 2837 1188 2915 Quare
1210 2840 1284 2904 talis

130 2940 198 3006 fere
220 2941 306 3007 linea
333 2943 420 3008 facta
443 2951 506 3025 est,
536 2945 664 3026 qualem
686 2943 718 3006 in
740 2943 845 3008 forma
873 2940 1048 3022 designavi.
1094 2939 1165 3004 Meo
1186 2941 1284 3021 igitur

130 3042 199 3106 iure
222 3043 378 3110 contendo
401 3046 538 3110 frontem
561 3047 758 3128 certantium,
782 3045 843 3109 nisi
858 3045 923 3108 iam
943 3050 1039 3107 antea
1054 3040 1182 3124 dirupta
1205 3048 1283 3121 erat,

129 3163 231 3228 prope
253 3150 372 3211 metam
395 3146 585 3212 exteriorem
609 3148 744 3214 dissolvi
765 3165 894 3230 prorsus
917 3161 1048 3210 necesse
1070 3142 1178 3208 fuisse.

218 3401 241 3460 l)
259 3397 320 3452 Non
332 3414 443 3468 possum
455 3398 582 3453 assentiri
594 3399 765 3454 Boettichcro
784 3397 885 3452 dicenti
902 3395 1036 3465 (Olympia
1049 3411 1075 3448 ιι.
1089 3408 1111 3447 s.
1123 3408 1156 3446 rr.
1169 3408 1195 3460 p.
1210 3394 1280 3457 1l9):

126 3477 236 3535 ‘Immer
254 3481 314 3536 sind
331 3482 374 3536 die
391 3483 482 3538 R‘ader
499 3486 564 3539 sehr
581 3485 696 3552 niedrig:
717 3485 765 3538 der
782 3483 874 3537 antike
888 3473 995 3550 ‘Spart'
1008 3480 1057 3533 hat
1074 3477 1132 3532 sich
1150 3477 1194 3531 nia
1212 3476 1282 3530 dozu

129 3565 387 3637 surgeschwungen,
405 3569 449 3622 ftir
466 3569 510 3624 dio
526 3570 611 3638 glatte
628 3567 780 3623 Rennbahn
799 3567 929 3622 (lelahrte
946 3567 995 3618 mit
1012 3564 1102 3618 hohen
1121 3561 1228 3615 Radern
1247 3576 1282 3614 au

130 3652 231 3719 bauan,
249 3652 292 3706 die
307 3654 337 3720 J'a
354 3655 414 3708 eine
432 3655 582 3710 schnellere
599 3655 720 3723 (longort
736 3653 893 3708 wesentlieh
911 3650 1066 3705 erleiclrtert
1082 3648 1186 3701 hatten.
1222 3647 1281 3699 Aus

130 3735 177 3790 der
194 3736 289 3792 Praxis
313 3738 359 3792 des
378 3738 489 3806 KrIeges
514 3741 563 3794 wie
587 3740 634 3795 der
652 3740 732 3794 Reise
748 3737 798 3792 aut
818 3737 960 3790 unebenen
979 3735 1082 3800 Wegen
1100 3731 1201 3786 behielt
1217 3746 1281 3784 man

130 3820 178 3875 das
203 3824 323 3876 sicherer
345 3825 465 3892 gehende
489 3825 630 3893 Fahrzcug
653 3825 701 3879 mit
728 3824 780 3878 den
804 3822 931 3878 niederen
957 3821 1063 3875 breiten
1086 3816 1196 3870 Radern
1219 3811 1278 3868 bei!

129 3903 241 3960 Veteres
265 3908 335 3962 enim
353 3911 449 3964 melius
468 3909 604 3973 sciebant,
627 3915 757 3978 quantum
781 3907 896 3962 humiles
914 3909 992 3960 rotae
1015 3904 1077 3957 altis
1095 3904 1279 3970 praestarent:

129 3991 199 4043 altae
217 3991 341 4045 videlieet
363 3996 481 4062 pondere
498 3996 602 4050 eierato
625 3993 708 4048 multo
726 3994 811 4062 magis
828 3991 995 4054 effecissent,
1019 3995 1050 4042 ut
1068 4001 1163 4040 currus
1180 3985 1209 4038 in
1224 3985 1279 4038 cir-

129 4075 203 4129 cuitu
220 4081 411 4134 everterentur.
