3096 4766
279 331 319 389 20
560 330 592 384 B.
618 327 670 382 Dr:
687 326 928 383 HIPPODROMO
946 325 1149 382 NONNIAIIO.

278 505 371 568 iuxta
392 502 493 567 alium
514 499 708 583 eonstiterit,
731 521 773 567 ex
795 500 951 567 adverbio
974 495 1149 585 στοιχηδὸν
1170 498 1361 565 admodum
1387 517 1456 563 am·

279 605 378 686 biguo
399 609 487 669 oerto
509 600 688 668 diiudicare
710 601 799 668 hand
820 608 921 685 potes.
960 601 1043 667 Nam
1065 597 1242 687 στοιχηδὸν
1262 607 1456 682 utrumqne

279 704 439 788 signifieat
460 705 503 782 (ν.
519 706 597 768 27οε
620 711 817 786 spectatores
834 704 980 787 pluribus
1002 702 1156 787 deineeps
1170 702 1351 769 ordinibus
1378 721 1455 767 oon-

278 806 396 873 sidunt
433 806 580 871 XXXIX
596 810 630 870 7:
652 826 752 872 naves
775 806 890 873 eodem
912 805 1009 871 modo
1032 806 1219 870 collocatae.
1256 802 1456 868 XXXVIII

279 910 357 972 224:
380 906 488 973 sidera
501 907 626 973 zodiaei
641 927 704 973 uno
720 909 870 973 oontinno
886 907 1000 973 ordine
1014 906 1180 989 disposita
1217 905 1354 971 XLVII
1372 906 1454 968 736:

279 1010 363 1075 tauri
378 1011 529 1075 eontinna
543 1010 627 1076 serie
643 1009 810 1075 immolati.
842 1008 1020 1074 XXXVIII
1036 1012 1110 1074 107:
1125 1007 1279 1091 deinceps
1295 1023 1454 1072 narrare.

278 1110 384 1176 XLVI
400 1112 477 1176 358:
507 1112 660 1194 deineeps
681 1111 846 1194 praebere.
891 1110 951 1176 XL
967 1113 1044 1174 214:
1073 1111 1225 1176 mulieres
1246 1111 1280 1175 in
1304 1108 1454 1176 summis

278 1213 418 1279 turribus
432 1212 499 1278 alia
520 1213 634 1278 iuxta
648 1214 747 1279 aliam
763 1213 983 1278 consistentes.
1017 1211 1179 1276 XXXVII
1193 1213 1255 1277 678
1270 1209 1317 1276 de
1337 1210 1453 1276 diseo·

277 1314 377 1380 bolis:
400 1313 457 1377 καὶ
478 1316 618 1396 πίσυρες
636 1309 811 1399 στοιχηδὸν
834 1310 1024 1398 ἐφέστασαν
1047 1306 1147 1388 ἄλλος
1170 1305 1226 1377 ἐπ’
1254 1305 1368 1397 ἄλλῳ,
1396 1311 1452 1394 qui

279 1434 390 1482 versus
408 1415 581 1498 respondet
596 1415 767 1482 HomerIeo
787 1417 822 1478 Ψ
834 1417 913 1481 839:
936 1413 1043 1499 ἑξείης
1058 1406 1090 1478 δ’
1108 1413 1256 1493 ἵσταντο,
1280 1411 1399 1479 σόλον
1417 1403 1448 1474 δ’

280 1513 333 1580 tte
348 1513 420 1590 δῖος
431 1507 572 1592 Ἐπειός.
608 1517 659 1583 Ne
675 1537 717 1583 ex
732 1517 784 1583 his
805 1517 935 1600 quidem
957 1519 1104 1585 versibus
1125 1519 1298 1601 quiequam
1323 1517 1376 1582 de
1402 1534 1450 1581 or·

278 1617 365 1684 dinis
387 1617 572 1685 dereetione
588 1619 736 1684 ooneludi
756 1626 872 1703 potest,
896 1621 974 1702 qnia
994 1628 1027 1687 et
1049 1617 1225 1706 στοιχηδὸν
1248 1612 1358 1694 ἄλλος
1385 1607 1448 1682 ἐντ’

280 1711 371 1801 ἄλλῳ
395 1725 427 1784 et
448 1716 555 1806 ἑξείης
580 1725 750 1802 utrumqne
780 1721 975 1805 significant,
1006 1727 1038 1787 et
1060 1722 1159 1788 alium
1184 1726 1259 1805 post
1280 1721 1395 1786 alium
1420 1725 1451 1784 et

278 1821 379 1886 alium
400 1822 492 1887 iuxta
511 1823 621 1888 alium.
666 1821 783 1888 Graeoi
812 1823 875 1888 nisi
896 1818 980 1886 κατὰ
1001 1820 1114 1904 βάθος
1142 1828 1198 1888 aut
1218 1819 1303 1886 κατὰ
1325 1825 1448 1904 μέτω-

279 1947 346 1988 ττον
367 1923 501 2006 addunt,
523 1925 556 1988 in
579 1923 697 1990 haere
719 1942 846 2009 semper
868 1925 1012 2008 ambigui
1034 1927 1129 2004 sunt).
1162 1924 1267 1991 Credo
1281 1925 1448 1990 Nonnum

280 2026 342 2093 hoe
364 2047 459 2095 versu
481 2024 562 2092 nihil
584 2025 675 2091 aliud
696 2025 806 2092 dicere
828 2028 970 2093 voluisse
992 2026 1056 2092 nisi
1070 2045 1135 2090 nna
1157 2027 1307 2092 eontinna
1329 2028 1446 2092 fronte

280 2129 379 2194 aIIum
406 2131 498 2195 iuxta
525 2129 625 2195 alium
654 2128 845 2195 constitisse.
890 2127 963 2194 Non
993 2129 1078 2194 enim
1101 2126 1349 2194 seholiastarum
1376 2128 1446 2193 Ho-

279 2231 469 2298 merieorum
497 2229 728 2296 absurditatem
755 2235 871 2311 poetae
899 2236 1007 2296 nostro
1037 2229 1220 2312 obtrudam,
1251 2232 1306 2313 qui
1336 2231 1445 2297 alium

278 2340 352 2416 post
372 2335 471 2398 alium
486 2331 531 2397 ad
545 2336 707 2398 eertamen
721 2331 903 2397 constitisse
925 2330 1066 2397 dixerint
1088 2333 1210 2414 (μ16).
1244 2332 1315 2398 Hoc
1338 2331 1445 2399 modo

283 2429 458 2518 στοιχηδὸν
481 2433 683 2516 Interpretari
706 2436 852 2496 vetamur
875 2432 972 2497 etiam
994 2454 1025 2499 v.
1039 2435 1117 2497 242;

638 2542 727 2596 τοῖσι
749 2530 808 2613 μὲν
831 2528 866 2595 ἐκ
884 2532 1045 2616 βαλβῖδος
1068 2531 1123 2620 ἔην
1147 2531 1280 2617 δρόμος.

280 2636 344 2700 Cur
367 2635 452 2700 enim
475 2632 532 2698 tali
554 2653 667 2700 norma
689 2653 769 2717 opus
792 2642 871 2718 erat,
893 2636 956 2702 nisi
978 2657 1042 2702 una
1064 2657 1175 2703 omnes
1197 2635 1442 2705 excurrebant?

365 2735 432 2802 Sed
446 2736 622 2802 admoneor
635 2754 716 2801 νοτε
730 2735 859 2820 βαλβίς,
883 2757 966 2820 quae
981 2739 1080 2805 etiam
1095 2760 1126 2805 v.
1143 2740 1204 2802 625
1220 2739 1254 2804 in
1269 2760 1441 2807 eursorum

280 2838 453 2904 eertamine
474 2837 580 2921 posita
602 2842 665 2920 est,
693 2838 843 2904 Nonnum
865 2841 1017 2924 partim
1007 2861 1041 2905 1n
1062 2841 1159 2907 rebus
1181 2840 1439 2924 hippodromiois

279 2938 482 3008 nominandis
503 2940 545 3005 ab
568 2939 708 3005 Homero
731 2938 871 3007 differre.
908 2943 1057 3026 Namque
1079 2963 1196 3009 nomen
1209 2941 1371 3025 βαλβῖδος
1394 2943 1439 3009 ab

280 3043 451 3109 Homerios
482 3041 654 3109 verborum
688 3043 890 3125 supelleetile
922 3045 1062 3110 alienum
1094 3046 1271 3127 posteriore
1304 3046 1436 3112 demum
1517 2963 1519 3100 ὸ

279 3150 386 3211 aetate
397 3151 500 3211 ortum
512 3144 640 3211 videtur
652 3146 684 3222 (a
694 3146 794 3211 verbo
804 3137 964 3228 βοδλειν7
987 3145 1050 3211 Otr
1063 3137 1435 3229 sso'tftrvovetdustath.
1518 3175 1519 3228 I

279 3245 340 3313 Od.
360 3266 392 3330 p.
419 3251 509 3330 1404,
533 3250 583 3311 55.
613 3246 651 3311 ΙΙ.
672 3245 843 3312 Ψ462ε”
828 3269 934 3312 ιτττται
962 3247 1041 3329 περὶ
1068 3248 1173 3330 τέρμα
1200 3247 1435 3331 βαλοῦσαι).

278 3350 384 3432 Atque
401 3353 436 3413 ut
450 3349 595 3416 omittam
610 3347 770 3424 κέλευθος
783 3369 841 3432 pro
857 3348 1031 3415 Homerios
1052 3340 1132 3422 ὸδὸς
1146 3350 1285 3432 positam
1300 3354 1342 3425 (v.
1360 3353 1434 3416 243.

280 3453 351 3516 260.
377 3453 448 3516 394.
473 3452 544 3516 397.
568 3451 653 3533 431),
675 3451 807 3534 gravius
830 3458 892 3534 est,
915 3448 1002 3533 quod
1024 3449 1215 3516 ourrieulum
1237 3473 1301 3517 non
1325 3448 1434 3517 ὸνιττό-

280 3549 404 3636 δρομον
419 3554 489 3620 sive
504 3549 627 3636 δρόμον
643 3551 717 3631 (6οο
731 3552 890 3618 vocabulo
905 3551 1002 3618 modo
1025 3571 1150 3617 eursum
1165 3570 1319 3634 equorum
1335 3555 1432 3639 signi·

278 3651 354 3719 fidat
375 3657 584 3720 v.132.141.
610 3655 681 3718 180.
707 3656 777 3718 198.
801 3657 873 3718 205.
894 3655 966 3717 211.
983 3655 1055 3717 216.
1079 3654 1151 3717 219.
1175 3656 1248 3719 222.
1271 3659 1344 3722 234.
1360 3659 1431 3720 241.

280 3756 352 3819 242.
369 3757 442 3820 271.
459 3758 531 3820 276.
548 3757 620 3820 289.
637 3756 708 3820 309.
726 3758 798 3820 317.
815 3758 887 3820 353.
905 3756 977 3819 390.
994 3758 1065 3820 460.
1083 3757 1157 3830 461)
1171 3757 1358 3843 appellavit,
1374 3757 1431 3825 sed

280 3852 418 3919 στάδιον
440 3864 481 3932 (v.
501 3859 571 3922 189.
587 3859 671 3930 246).
707 3855 781 3922 Non
805 3855 901 3922 eredo
925 3861 1054 3938 propter
1079 3855 1141 3923 hoo
1163 3857 1204 3923 de
1221 3877 1299 3924 vero
1314 3859 1428 3940 studio,

230 4043 234 4048 Ι
280 3958 398 4040 inquo
422 3965 570 4041 equestre
585 3964 747 4024 certamen
761 3958 942 4024 institutum
963 3959 1014 4041 sit,
1038 3959 1253 4044 cogitandum,
1276 3961 1333 4027 sed
1356 3981 1428 4044 poe·

279 4065 345 4126 tam
375 4060 518 4143 generali
541 4058 775 4143 signifieatIone
797 4078 889 4125 usum
912 4079 993 4126 esse.
1039 4059 1119 4126 Oum
1145 4062 1230 4146 enim
1252 4061 1359 4146 fieret,
1386 4069 1427 4144 nt,
