3088 4774
546 324 576 380 B.
605 324 655 378 DE
673 323 893 380 TARAXIPPO.
1252 321 1292 379 95

141 500 318 567 tollendam
341 498 612 581 perturbationem
629 500 732 581 primo
748 498 910 564 destinata
924 503 1001 563 erat.
1035 497 1155 563 Postea
1175 501 1293 579 autem,

143 623 216 669 eum
244 601 399 667 memoria
428 601 521 666 huius
549 601 597 665 rei
620 601 685 665 iam
707 600 919 684 abolevisset,
948 620 1047 665 causa
1070 618 1140 666 esse
1163 599 1293 664 calami·

142 710 244 770 tatum
268 703 521 769 existimabatur.
559 702 625 769 Sed
649 703 726 786 quia
748 701 925 785 simplicem
949 703 1109 767 cumulum
1131 706 1179 767 tot
1201 720 1294 766 casus

142 804 271 872 efficere
298 823 339 869 ne
361 805 426 887 ipsi
454 804 584 888 quidem
612 805 674 870 sibi
696 804 892 887 persuadere
916 809 1081 886 poterant,
1109 804 1294 868 interiorem

142 926 275 974 causam
303 913 493 988 quaerentes
522 906 564 972 ad
593 907 750 973 invidiam
779 906 947 973 cuiusdam
975 905 1082 971 herois
1104 905 1294 988 referebant,

141 1029 201 1093 pro
230 1009 321 1074 euius
349 1009 496 1092 repulere
525 1010 578 1075 vel
607 1008 801 1091 cenotaphio
829 1029 918 1074 aram
947 1015 1107 1073 terrenam
1128 1007 1294 1090 putabant.

140 1111 257 1194 Neque
281 1111 366 1175 enim
388 1110 444 1175 ille
467 1111 621 1196 daemon,
644 1113 773 1178 nomine
794 1112 1009 1194 Taraxippus,
1036 1111 1083 1175 eis
1105 1108 1295 1190 sufficiehat,

141 1215 307 1297 quianon
329 1211 487 1296 habehat,
516 1215 603 1297 quod
633 1233 732 1298 equos
760 1219 962 1296 perterreret.
1006 1210 1100 1276 Hunc
1121 1212 1218 1294 igitur
1241 1231 1295 1276 ex-

141 1317 286 1400 eipIebat
307 1312 483 1397 βάσκανος,
506 1318 561 1399 qui
584 1336 684 1399 equos
699 1317 881 1382 fascinaret.
889 1319 910 1393 1)
944 1315 1103 1393 Quoniam
1122 1320 1209 1378 certa
1230 1333 1296 1378 me·

140 1418 247 1484 moria
268 1438 333 1483 non
354 1417 571 1501 tradebantur,
595 1419 714 1485 factum
737 1426 795 1501 est,
819 1426 853 1484 ut
875 1419 989 1484 sedula
1010 1417 1217 1484 fabulositate
1239 1415 1297 1480 alii

141 1521 244 1585 alium
272 1519 429 1585 fascinum
443 1523 445 1528 ’
458 1521 694 1587 constituerent.
739 1521 917 1587 Pausanias
944 1520 1086 1603 quinque
1113 1517 1208 1584 affert
1235 1516 1298 1582 hoe

139 1621 273 1688 vinculo
296 1621 378 1686 inter
403 1640 439 1688 sc
465 1622 666 1705 coniunctos,
693 1630 728 1689 ut
754 1642 863 1689 omnes
889 1622 932 1689 ad
957 1623 1109 1688 Eleorum
1131 1620 1299 1686 historiam

140 1725 334 1808 pertineant.
378 1724 512 1791 Praeter
534 1725 595 1791 hoe
618 1745 776 1808 quaenam
799 1727 881 1790 ratio
905 1726 1082 1805 intereos,
1113 1725 1169 1806 qui
1190 1724 1298 1806 priore

140 1828 217 1892 loco
239 1827 394 1891 nominati
417 1833 505 1909 sunt,
534 1834 567 1893 et
592 1826 839 1910 hippodromum
863 1826 1088 1910 Olympiaeum
1110 1825 1298 1907 intercedat,

141 1930 211 1993 iam
233 1947 297 1993 non
319 1928 395 1994 lieet
415 1931 565 2013 perspici.
599 1930 684 1995 Nam
705 1930 746 1994 de
762 1928 877 1996 Olcnio
895 1929 977 1993 nihil
1000 1929 1213 2010 comperimus
1235 1927 1299 1993 nisi

141 2031 245 2096 fuisse
268 2049 341 2095 eum
363 2022 496 2113 ἀγαθὸν
516 2029 559 2095 τὰ
583 2029 617 2107 ἐς
641 2028 792 2118 ἱππικήν,
816 2029 903 2114 quod
926 2031 981 2112 qui
998 2050 1098 2097 eausa
1113 2049 1183 2094 esse
1205 2035 1297 2112 potu-

144 2136 224 2214 erit,
255 2132 341 2215 quod
364 2153 464 2217 equos
486 2134 676 2216 fascinaret,
704 2154 768 2200 non
789 2133 996 2215 intellegitur.
1041 2131 1199 2197 Dameoni
1221 2150 1299 2197 voro

143 2253 303 2299 unacum
327 2254 410 2316 equo
433 2255 491 2301 suo
514 2256 535 2300 a
556 2236 669 2302 Gteato
691 2236 858 2302 interfecto
880 2254 1039 2318 quaenam
1062 2253 1113 2300 res
1136 2241 1205 2299 erat
1227 2253 1300 2299 cum

144 2335 384 2420 hippodromo?
427 2337 531 2403 Aliter
558 2357 610 2405 res
639 2359 673 2405 se
702 2338 801 2405 habet
828 2338 869 2404 de
900 2337 1120 2420 sequentibus:
1151 2336 1185 2400 hi
1214 2337 1300 2402 enim

146 2459 220 2505 eum
249 2437 462 2522 hippodromo
490 2441 632 2524 quadam
660 2448 746 2507 certe
775 2442 899 2506 ratione
923 2439 1140 2506 cohaerebant
1168 2445 1201 2505 et
1223 2458 1299 2522 quo·

146 2541 245 2607 modo
266 2534 429 2623 βάσκανοι
451 2543 521 2610 heri
543 2545 715 2627 potuerint,
737 2545 833 2610 facile
856 2544 1058 2629 perspicitur.
1096 2543 1147 2610 Dc
1169 2543 1300 2627 Myrtilo

147 2647 204 2711 cfr.
221 2644 314 2711 Phot.
329 2645 408 2711 bibl.
425 2648 486 2710 190
503 2648 545 2730 (p.
564 2652 634 2727 150,
651 2648 699 2729 4),
722 2647 763 2713 de
784 2648 954 2729 Alcathoo,
978 2646 1119 2714 secundo
1135 2647 1301 2731 Hippoda-

146 2749 233 2814 miae
255 2767 352 2831 prooo
374 2747 481 2822 (Paua.
498 2750 552 2814 VI.
575 2769 602 2814 c.
618 2749 700 2814 XXI
717 2753 767 2822 10)
791 2770 864 2816 cum
879 2750 1001 2833 Pelope
1017 2749 1148 2815 confuso
1168 2748 1207 2815 0.
1223 2749 1300 2814 Oru-

149 2853 233 2918 sium
260 2851 294 2914 in
323 2851 424 2916 Musei
447 2850 595 2917 Rhenani
616 2852 680 2918 vol.
703 2853 820 2918 XLIII.
842 2872 873 2935 p.
897 2855 970 2917 628.
1016 2849 1199 2936 Hesychius
1221 2872 1246 2917 s.
1269 2870 1301 2915 v.

153 2949 376 3037 Ταράξιππος
398 2953 553 3035 Pelopem
581 2954 686 3036 ipsum
716 2974 843 3038 qnoque
864 2974 923 3037 pro
945 2955 1133 3036 Taraxippo
1156 2950 1302 3017 habitum

151 3073 221 3122 esse
244 3054 350 3121 tradit.
384 3054 464 3120 Mihi
487 3056 618 3139 quidem
640 3055 838 3137 Oenomaum
861 3056 1100 3121 fascinatorium
1122 3055 1222 3119 fuisse
1245 3067 1300 3136 op-

150 3159 227 3224 timc
241 3157 394 3240 placeret,
418 3158 472 3240 qui
487 3159 557 3241 ipse
572 3158 606 3222 in
621 3159 795 3224 certamine
811 3157 957 3223 devictus
976 3162 1008 3222 et
1022 3160 1164 3221 mortuus
1179 3175 1303 3220 summo

151 3260 220 3324 inre
242 3258 317 3324 aliis
340 3279 411 3325 cum
434 3260 560 3325 laetitia
581 3280 620 3325 ae
642 3260 797 3326 felicitate
826 3259 940 3326 eodem
965 3260 1037 3323 loco
1060 3256 1302 3323 deeurrentihus

151 3361 321 3443 invideret,
337 3362 400 3428 nisi
416 3362 484 3427 eius
500 3362 680 3445 sepulcrum
691 3363 771 3429 alibi
783 3363 882 3430 fuisse
893 3362 1071 3428 Pausanias
1083 3362 1116 3425 in
1129 3378 1199 3442 eap.
1211 3358 1301 3423 XXI.

151 3466 206 3540 §3
228 3470 386 3530 narraret:
409 3461 609 3545 Δοαβάντων
632 3462 669 3529 δὲ
690 3461 749 3528 τδν
771 3461 922 3528 Κλάδεον
944 3461 1053 3547 τάφος
1074 3484 1111 3526 τε
1133 3452 1303 3541 Οἰνομάου

152 3566 211 3652 γῆς
231 3567 327 3647 χῶμα
350 3565 685 3654 περιῳκοδομημένον
708 3566 822 3641 λίθοις
845 3562 932 3645 ἰστί,
954 3566 1009 3629 καὶ
1032 3558 1116 3644 ὑπὲρ
1139 3564 1199 3628 τοῦ
1220 3559 1302 3646 μνή-

152 3691 259 3751 ματος
282 3664 415 3752 ἰρείπιο
438 3665 712 3754 οἰκοδομημάτων
734 3665 821 3732 ἔνθα
842 3669 890 3752 τῷ
914 3663 1073 3750 Οἰνομάῳ
1095 3662 1156 3740 τὰς
1175 3663 1306 3740 ἵππους

153 3837 231 3892 nicht
247 3836 393 3891 hinbauen.
423 3835 463 3888 Im
475 3836 633 3904 Gegentheil
645 3841 716 3890 utre
728 3837 792 3890 eher
804 3837 996 3900 anaunehmen‚
1015 3835 1078 3888 dass
1090 3847 1153 3886 man
1171 3847 1208 3896 es,
1227 3846 1305 3885 wenn

153 3920 249 3976 frither
265 3921 430 3986 verbanden,
448 3920 492 3975 hei
509 3922 651 3989 Anlcgrtng
668 3921 715 3974 der
732 3920 810 3974 Bnhn
828 3935 883 3974 von
901 3919 962 3974 dont
979 3918 1098 3973 entfemt
1114 3911 1206 3971 harte‘

242 4013 266 4074 1)
284 4007 327 4061 De
343 4006 523 4060 fascinatione
542 4007 590 4061 cfr.
610 4004 640 4060 0.
653 4005 776 4059 Iahnium
793 4005 822 4059 in
832 4005 901 4060 Rell.
915 4005 980 4060 San.
991 4003 1060 4058 liter.
1074 4003 1166 4057 societ.
1179 4002 1230 4057 rol.
1244 4001 1304 4056 Vll.

156 4095 231 4148 ress.
249 4109 277 4162 p.
291 4097 416 4148 na-rro.
