3096 4766
253 245 292 302 16
531 246 564 297 Δ,
592 244 643 299 ΒΕ
660 242 900 300 HIPPODROMO
919 242 1119 299 flohsfflco.

251 416 337 483 enim
364 414 533 483 absurdior
560 416 778 502 interpretatio
808 414 983 500 excogitari
1008 419 1114 503 potest
1144 435 1198 495 ea,
1227 431 1323 496 quam
1349 411 1399 476 illi

251 520 447 602 protulerunt
461 519 560 587 alium
575 524 647 602 post
668 519 767 584 alium
789 515 959 605 πυργηδὸν
980 515 1065 596 cord
1082 515 1194 600 βάθος
1216 513 1399 582 constitisse

251 620 402 704 dicentes,
425 626 460 687 ut
481 642 502 687 a
523 622 626 688 fronte
648 639 703 688 eos
725 621 882 706 spectanti
905 620 1026 706 primus
1045 621 1132 688 solus
1156 619 1399 704 conspiceretur.

249 722 415 790 Eiusmodi
444 723 685 791 collocationem
717 722 950 805 iniquissimam
979 741 1050 790 esse
1082 742 1178 789 nemo
1207 741 1270 787 non
1299 720 1397 789 videt

250 827 349 893 Recta
371 825 589 911 interpretatio
616 831 665 891 est
693 824 801 892 media
829 825 911 892 inter
937 830 1105 908 utramque
1126 826 1242 891 falsam
1265 825 1335 910 vel,
1363 831 1400 890 ut

249 927 444 1015 geometrica
470 927 610 1012 imagine
636 932 723 1011 utar,
753 927 942 1012 diagonalis.
985 926 1024 993 Id
1046 947 1173 1010 quoque
1200 928 1303 994 minus
1324 945 1397 1013 pru·

250 1030 355 1097 dentis
377 1036 425 1097 est
446 1049 613 1113 quaerere:
637 1021 674 1094 οὗ
696 1026 758 1116 γὰρ
780 1027 865 1094 κατὰ
886 1033 1044 1114 μέτωπον
1067 1027 1218 1116 ἔστησαν,
1242 1026 1318 1096 ἐπεὶ
1341 1026 1398 1095 διὰ

248 1138 283 1199 al
298 1127 315 1198 ὁ
332 1132 451 1221 κλῆρος
467 1129 622 1218 ἕπάλθης
644 1129 680 1196 Si
695 1130 780 1199 enim
795 1153 859 1198 una
872 1139 961 1200 recta
975 1134 1079 1199 fronte
1094 1133 1266 1214 stetissent,
1280 1152 1397 1215 nonne,

249 1241 284 1302 ut
305 1233 455 1319 diximus,
477 1232 681 1301 condiciones
695 1234 824 1316 iniquae
838 1235 973 1318 fuerunt,
996 1234 1072 1317 quia
1090 1254 1152 1318 qno
1169 1234 1303 1317 quisquc
1318 1233 1397 1300 dex·

249 1337 347 1406 terior
369 1336 519 1417 constitit,
543 1357 582 1404 eo
604 1337 707 1402 maius
729 1337 760 1403 ei
774 1337 913 1421 spatium
935 1336 1181 1422 percurrendum
1203 1336 1296 1402 erat?
1333 1336 1398 1403 Ubi

249 1447 356 1505 autem
379 1438 581 1506 condiciones
603 1438 732 1521 iniquae
750 1447 832 1521 sunt,
855 1460 893 1506 eo
908 1440 1012 1523 magis
1034 1446 1092 1524 est,
1115 1437 1202 1523 quod
1224 1439 1265 1506 de
1287 1440 1398 1506 statio-

248 1540 343 1607 nibus
371 1541 522 1608 certaturi
550 1541 736 1624 sortiantur,
766 1543 901 1625 nequis
931 1562 1039 1608 eorum
1068 1541 1191 1608 cladem
1214 1560 1306 1607 snam
1328 1540 1397 1607 ludi

249 1643 411 1728 magistris
426 1643 548 1710 crimini
564 1642 628 1709 det.
660 1644 777 1710 Verum
791 1644 825 1709 in
847 1665 886 1711 eo
901 1663 972 1710 cum
996 1643 1157 1709 veteribus
1171 1643 1398 1727 interpretibus

249 1747 424 1829 consentio,
447 1745 534 1829 quod
548 1745 726 1812 Aristarchi
746 1745 969 1813 auctoritatem
990 1745 1091 1814 secuti
1111 1746 1170 1813 illa
1191 1746 1292 1812 verba
1314 1742 1396 1809 στὰν

249 1847 285 1913 δὲ
307 1849 500 1932 μεταστοιχὶ
522 1868 543 1913 a
565 1847 761 1934 pedestrium
784 1868 946 1916 cursorum
975 1848 1148 1916 certatione
1176 1848 1284 1915 aliena
1304 1855 1393 1932 puta·

250 1957 363 2017 rerunt
385 1951 523 2034 ideoque
545 1971 576 2017 v.
593 1955 653 2016 757
678 1949 875 2018 deleverunt.
920 1952 1067 2033 Namque
1089 1950 1326 2033 stadiodromis,
1349 1957 1395 2018 nt·

247 2060 323 2138 pote
345 2053 399 2135 qui
420 2060 542 2120 rectum
556 2052 695 2139 spatium
718 2055 817 2120 semel
840 2059 962 2120 tantum
977 2053 1214 2139 permetiuntur,
1236 2051 1317 2117 nihil
1338 2057 1396 2137 est,

248 2156 334 2237 quod
367 2155 499 2238 obliqua
529 2157 633 2222 fronte
665 2160 741 2221 ante
774 2161 935 2222 certamen
968 2155 1151 2224 consistant.
1199 2155 1396 2222 Testimonio

247 2264 321 2324 sunt
343 2258 456 2323 bathra
483 2259 517 2324 in
539 2257 728 2342 Olympiaco
756 2257 861 2325 stadio
886 2264 1028 2344 reperta,
1057 2277 1078 2322 a
1105 2257 1221 2341 quibus
1251 2276 1395 2324 cursores

247 2357 531 2443 proficiscebantur
546 2362 612 2436 (cir.
627 2361 666 2425 A.
683 2358 881 2428 Boetticher:
900 2357 1075 2444 ‘Olympia
1091 2356 1150 2426 das
1165 2361 1242 2426 Fest
1261 2380 1290 2426 u.
1305 2359 1394 2427 scine

249 2451 366 2526 satte'
391 2482 423 2545 p.
440 2463 524 2540 aaa).

331 2563 433 2628 Poeta
454 2563 605 2645 quoniam
627 2583 689 2630 non
711 2564 746 2630 id
767 2565 894 2647 agebat,
916 2569 951 2629 ut
972 2563 1103 2647 plenam
1122 2561 1325 2646 hippodromi
1340 2562 1393 2629 de·

247 2663 451 2749 scriptionem
473 2667 637 2752 proferret,
659 2668 768 2749 multa,
792 2686 874 2749 quae
889 2666 932 2733 ad
947 2664 1176 2732 institutionem
1192 2663 1393 2749 hippodromi

247 2769 414 2854 pertinent,
436 2768 607 2854 depingere
633 2768 861 2854 praetermisit,
890 2768 966 2850 quia
993 2768 1074 2836 hacc
1103 2768 1293 2853 aequalibus
1325 2768 1394 2835 eius

246 2869 414 2938 notissima
435 2877 534 2938 erant
579 2872 695 2939 Nostra
717 2877 824 2937 autem
845 2870 993 2956 interest,
1022 2879 1057 2937 ut
1084 2890 1180 2954 quam
1201 2871 1393 2954 perfectissi-

246 2996 332 3041 mam
359 2975 446 3042 illius
474 2972 675 3058 hippodromi
703 2961 874 3056 imaginem
907 2973 1013 3041 animo
1046 2973 1139 3040 nobis
1168 2992 1393 3059 proponamus,

247 3097 329 3160 quae
351 3077 466 3160 omisit,
489 3095 538 3158 ea,
560 3076 646 3157 quod
668 3075 736 3142 eius
761 3073 830 3143 fieri
852 3082 972 3161 potest,
994 3076 1153 3161 supplere.
1197 3075 1394 3160 Supersedit,

246 3185 281 3246 ut
302 3179 336 3244 id
358 3179 498 3264 exempli
520 3197 617 3244 causa
638 3197 765 3263 ponam,
788 3176 831 3244 de
852 3176 944 3259 signo
965 3176 1009 3243 ad
1030 3177 1244 3264 incipiendum
1267 3196 1392 3244 cursum

247 3281 323 3349 dato
345 3281 442 3365 loqui.
479 3281 522 3346 At
544 3280 599 3363 qui
620 3283 791 3365 potuerunt
812 3280 953 3362 quinque
972 3299 1036 3346 uno
1051 3278 1228 3362 eodemque
1249 3285 1393 3365 tempore

246 3404 370 3452 cursum
384 3383 525 3467 incipere
539 3380 583 3467 (v.
600 3385 675 3448 362:
698 3380 732 3447 οἱ
754 3373 788 3446 δ’
815 3373 837 3446 ὅ
843 3406 897 3465 μα
919 3379 1074 3458 πάντες
1092 3373 1148 3469 ἐφ’
1166 3379 1305 3449 ἵπποιιν
1327 3381 1393 3466 μά-

247 3506 362 3571 στιγας
385 3479 514 3570 ἄειραν)
530 3483 592 3550 nisi
606 3490 692 3552 certo
707 3482 799 3568 signo
814 3482 914 3551 dato?
946 3483 1016 3550 Hoc
1031 3483 1156 3567 signum
1171 3486 1266 3566 quale
1287 3485 1392 3570 inerit,

245 3588 420 3654 nescimus:
441 3586 575 3653 forsitan
595 3606 652 3672 pro
679 3585 884 3672 simplicitate
904 3585 991 3653 illins
1013 3585 1127 3653 aetatis
1147 3586 1291 3655 Achilles
1312 3608 1392 3654 voce

247 3707 302 3756 eos
324 3688 540 3755 concitaverit.
585 3690 636 3755 De
657 3688 758 3772 signis
786 3687 1015 3774 posterioribus
1043 3690 1239 3773 temporibus
1267 3689 1391 3757 adhibi-

246 3791 286 3859 tis
307 3792 390 3857 inlra
412 3791 511 3857 verba
532 3792 648 3858 faciam
670 3790 753 3875 (cap.
772 3791 844 3875 ΙΙΙ).
889 3791 925 3856 ln
946 3790 1062 3856 nostris
1084 3791 1247 3858 curmoulis
1268 3792 1313 3877 is,
1336 3793 1391 3875 qui

245 3894 307 3961 hoc
327 3911 457 3960 munere
484 3893 625 3977 fungitur
652 3885 735 3975 (der
756 3887 923 3977 Starter'),
950 3892 1104 3961 vexillum
1133 3912 1263 3978 passum
1291 3914 1392 3981 prope

245 3997 332 4083 ipsos
354 3999 510 4062 certantes
532 3994 688 4062 submittit
710 3995 868 4078 simulque
889 3995 1103 4064 tintinnabula
1116 3996 1242 4065 tertium
1264 4003 1389 4066 sonant.
