3096 4766
502 325 537 379 Π.
565 324 615 378 DE
633 322 756 378 LAEVO
775 321 884 378 GYRO.
1227 325 1269 384 49

108 500 182 565 tab.
198 500 235 583 L,
252 499 302 576 Α).
346 497 438 563 Alter
460 497 588 579 medus,
618 504 650 562 et
673 496 726 562 bic
747 497 848 562 multu
871 497 1033 581 usitatior,
1061 499 1089 564 is
1113 505 1174 582 est,
1204 521 1267 584 quo

107 621 271 684 equorum
301 601 347 666 sic
376 605 411 664 ut
437 601 495 664 ilio
522 599 626 682 primo
660 595 756 663 mo'do
790 599 949 680 pictorum
982 599 1140 666 secundus
1172 610 1269 685 caput

106 704 258 768 maxime
280 702 420 767 demittit
440 701 494 767 vei
508 701 651 783 porrigit.
659 702 681 776 ¹)
719 697 822 765 Huius
836 700 926 765 modi
940 701 1077 766 variatio
1093 707 1142 766 est
1157 721 1268 769 secun-

108 805 192 869 dum
204 823 323 885 equum
336 809 432 885 caput
441 805 506 867 nob
518 801 696 884 demittere,
713 800 771 867 sed
782 801 937 868 reducere
949 801 1058 878 (Cerh.
1071 804 1114 868 ib.
1126 803 1268 872 CXCIV.

106 906 202 970 Mon.
226 904 257 970 d.
273 905 348 970 Inst.
371 903 434 970 vol.
450 904 507 968 III.
530 904 595 968 tab.
610 902 726 986 XLVI,
746 904 786 982 4).
831 904 959 970 Tertius
981 904 1121 987 denique
1144 904 1269 986 modus,

110 1026 214 1090 quem
236 1012 366 1089 propter
387 1006 616 1089 perfectionem
640 1009 671 1071 et
686 1012 867 1088 propterea,
890 1003 978 1088 quod
993 1007 1026 1071 in
1040 1007 1269 1090 antiquissimis

110 1108 312 1190 imaginibus
327 1124 390 1174 non
404 1109 572 1190 reperItnr,
594 1107 804 1172 novissimum
818 1114 907 1192 puto,
930 1110 958 1174 is
977 1114 1035 1190 est,
1058 1113 1093 1174 ut
1115 1128 1269 1191 equorum

112 1211 291 1293 praecipue
319 1208 529 1292 quadrupedo
557 1209 751 1275 currentium
778 1228 841 1291 quo
864 1211 936 1294 quis
958 1210 1110 1276 remotior
1132 1210 1269 1295 videtur,

115 1332 157 1378 eo
180 1312 282 1394 magis
304 1317 471 1395 procurrat
492 1311 526 1374 in
548 1309 688 1392 speciem
705 1311 839 1393 obIIqua
853 1312 956 1378 fronte
971 1311 1198 1378 incedentium.
1232 1313 1270 1378 In

115 1413 169 1480 his
196 1413 296 1479 medii
326 1414 401 1497 equi
431 1413 621 1495 saepissime
649 1414 757 1497 capita
788 1415 870 1480 inter
898 1433 933 1479 se
962 1412 1152 1496 admovent,
1187 1433 1270 1498 quae

114 1517 269 1599 exempla
279 1517 433 1581 asterisco
445 1514 594 1597 apposIto
606 1515 763 1592 notabo.²)
786 1514 858 1582 Hoc
872 1515 969 1581 modo
985 1514 1142 1599 adhibito,
1159 1536 1270 1599 quam-

114 1619 167 1684 vis
189 1620 232 1685 sit
253 1618 385 1700 elegans
401 1624 433 1681 et
447 1615 649 1697 artificiosus,
672 1623 778 1682 tamen
801 1617 864 1682 hoc
886 1637 1015 1699 qnoque
1036 1616 1125 1682 ducti
1147 1619 1270 1700 aliquo·

114 1720 199 1785 tiens
221 1740 243 1784 a
263 1739 369 1785 rerum
384 1723 500 1783 natura
516 1719 655 1800 pictores
679 1717 899 1784 discedebant.
939 1719 1023 1783 Nam
1044 1738 1116 1785 cum
1137 1721 1270 1803 aurigae

114 1841 151 1887 re
173 1843 252 1887 vera
272 1827 392 1885 metam
414 1820 575 1884 circuituri
591 1819 774 1884 interiorem
791 1839 908 1901 equum
925 1821 1109 1903 retinerent,
1133 1824 1269 1887 exterIo·

114 1944 194 2007 rem,
217 1930 252 1987 ut
274 1921 463 2004 ampliorem
479 1921 591 1985 orbem
606 1920 720 1985 eodem
735 1926 879 2004 tempore
896 1927 1106 2003 percurreret,
1129 1924 1271 1988 stimula-

116 2033 189 2090 rent
207 2023 255 2100 (Il.
272 2023 473 2088 usse-40.
503 2022 606 2087 Nonn.
624 2021 717 2086 Dion.
729 2021 889 2087 XXXVII
901 2024 1048 2086 216-20
1064 2029 1104 2096 -t-
1121 2025 1271 2108 207-8),

119 2125 259 2191 artifices
274 2123 336 2190 hoc
349 2123 524 2189 novissimo
537 2121 692 2207 pingendi
707 2123 803 2189 modo
818 2126 868 2190 usi
886 2123 1078 2189 exteriorem
1093 2131 1212 2190 metam
1228 2127 1249 2203 (¹

119 2228 312 2310 imaginibus
328 2223 487 2302 dextram)
498 2227 672 2291 ambituros
685 2227 876 2291 contrarium
890 2225 1045 2290 iacientes
1058 2226 1244 2308 pingebant.
1250 2229 1273 2303 ³)

205 2327 354 2395 Ceterum
383 2345 532 2393 vasorum
560 2328 699 2411 pictores
733 2327 995 2410 perspicuitatem
1030 2328 1207 2410 imaginum
1235 2348 1273 2395 eo

121 2449 246 2512 quoqne
262 2431 433 2512 augebant,
457 2428 544 2512 quod
559 2431 658 2495 variis
674 2448 773 2512 equos
789 2429 950 2495 coloribus
964 2429 1151 2512 pingebant,
1174 2449 1272 2496 unum

120 2533 282 2615 saepicule
305 2533 417 2610 albc.⁴)

209 2719 232 2782 1)
250 2714 478 2770 Luculentissima
495 2715 617 2783 exempla
629 2713 761 2768 asterisco
773 2713 877 2767 notari:
895 2713 995 2780 inghir.
1010 2713 1056 2778 VI,
1072 2719 1084 2768 1
1098 2716 1126 2768 et
1138 2718 1162 2768 2.
1180 2714 1214 2777 X,
1227 2714 1275 2769 ubi

122 2814 152 2854 os
164 2804 191 2852 et
204 2798 302 2852 collum
312 2799 385 2853 tertii
396 2800 458 2866 equi
469 2813 595 2867 perverse
606 2799 682 2867 picta
693 2803 767 2852 sunt.
791 2795 887 2851 LXIV.
901 2797 1037 2853 LXXXV.
1052 2797 1143 2852 CCVI.
1154 2798 1273 2855 CCVIII.

124 2882 199 2936 CCX.
219 2882 336 2937 CCXVI.
356 2883 486 2938 CCXVII.
506 2882 638 2937 CCXXII.
668 2883 734 2936 Len.
753 2881 790 2934 ib.
802 2879 853 2934 vol.
867 2879 902 2934 II.
921 2880 977 2936 tab.
990 2882 1086 2937 XLI*.
1104 2881 1136 2936 L.
1157 2883 1226 2948 CIX,
1239 2885 1273 2938 A.

125 2966 203 3020 Gerh.
222 2967 259 3020 ib.
277 2967 365 3021 XVII.
383 2967 456 3022 XXI.
475 2967 532 3020 LII.
560 2966 631 3020 LIII.
650 2964 795 3019 LXXVI*.
819 2963 944 3020 LXXIX.
966 2966 1049 3020 XCII.
1070 2965 1152 3020 CVII.
1173 2968 1273 3022 CCX*.

124 3051 193 3106 Mus.
205 3051 281 3120 Creg.
293 3052 344 3106 rol.
354 3051 392 3106 11.
401 3053 456 3105 tab.
467 3051 541 3115 XVI,
553 3050 598 3105 Ib.
611 3047 698 3114 XVII,
709 3049 772 3103 ta*.
783 3047 844 3111 XX,
855 3051 922 3101 3a*.
933 3049 1034 3116 XXIII,
1042 3053 1087 3103 Ia.
1098 3050 1144 3105 LI.
1155 3049 1215 3116 LII,
1226 3052 1273 3106 sb.

209 3139 233 3197 2)
260 3136 361 3202 Inghir.
390 3135 501 3191 XLVII.
531 3135 590 3188 LII.
617 3134 700 3189 XCV.
724 3132 819 3187 XCVI.
847 3132 964 3187 CCXIX.
994 3134 1098 3188 CCXX.
1127 3135 1274 3192 CCXXIII.

127 3219 265 3274 CCXXIV.
284 3220 413 3284 CCXXV,
432 3221 480 3274 ubi
497 3219 577 3272 medii
596 3219 687 3287 capita
704 3218 843 3272 distinent.
880 3217 963 3274 Gerb.
981 3219 1048 3275 Aus.
1066 3236 1106 3288 gr.
1125 3218 1158 3274 V.
1178 3219 1274 3276 XVI*.

125 3303 204 3359 XX*.
222 3304 312 3360 XCI*.
332 3305 433 3360 CCXL.
453 3303 582 3368 CCLXV,
592 3306 639 3360 4*.
652 3303 792 3368 CCCXIII,
806 3305 849 3356 1*.
863 3301 1072 3368 CCCXXV,1*.
1100 3304 1135 3357 id.
1148 3305 1274 3374 Abbitdg.

126 3406 148 3444 a.
166 3388 191 3444 d.
212 3391 255 3443 ak.
274 3391 345 3444 Abb.
369 3392 424 3445 tab.
443 3391 490 3445 IV.
509 3388 569 3443 VII.
605 3388 673 3442 Len.
697 3391 725 3442 et
749 3389 774 3442 d.
795 3387 841 3440 W.
858 3386 910 3442 vol.
929 3388 951 3442 1.
974 3389 1031 3443 tab.
1050 3389 1120 3443 XI*.
1143 3388 1274 3444 XCVII*.

126 3473 175 3528 rol.
193 3474 228 3528 II.
247 3476 303 3529 tab.
323 3475 392 3529 CIX.
412 3474 468 3531 CX.
487 3473 556 3528 CXI.
576 3472 660 3535 CXII,
679 3475 713 3528 A.
739 3471 835 3526 CXIII.
871 3472 923 3526 vol.
942 3472 992 3527 111.
1011 3473 1066 3526 tab.
1086 3472 1167 3529 XV*.
1202 3472 1274 3530 Mus.

128 3558 202 3627 Greg.
222 3560 274 3614 rol.
292 3558 314 3614 I.
332 3561 388 3613 tab.
409 3559 470 3613 CIII
478 3560 501 3612 *.
521 3557 644 3613 CXXIII.
681 3557 732 3612 rol.
752 3557 788 3611 11.
808 3556 864 3610 tab.
883 3555 944 3622 XII,
964 3559 1032 3611 tait
1051 3557 1192 3624 XXXVII,
1208 3563 1274 3614 la*.

127 3642 221 3707 XLVI,
246 3646 308 3698 Ia*.
327 3643 458 3698 XLVII*.
477 3643 531 3697 L*.
551 3642 631 3696 LV*.
662 3642 733 3696 Bull.
753 3641 778 3696 d.
798 3657 867 3696 corr.
887 3641 950 3695 bell.
964 3656 1026 3694 ann.
1040 3641 1100 3694 VII.
1119 3643 1175 3696 tub.
1189 3643 1276 3699 XVII.
1388 3665 1394 3680 ·

210 3732 234 3793 3)
251 3727 351 3794 Ingbir.
365 3727 533 3782 CCLXXVI.
548 3725 687 3791 CCXCIV,
706 3727 753 3780 ubi
770 3733 841 3778 meta
859 3741 914 3778 non
931 3725 1057 3794 apposita
1075 3731 1126 3780 est.
1156 3725 1230 3784 Mon.
1250 3729 1276 3784 d.

128 3812 189 3892 lnpt.
209 3812 262 3867 vol.
282 3812 314 3866 X.
333 3814 388 3866 tab.
407 3811 533 3876 XLVIII,
551 3814 601 3866 hs.
639 3811 793 3865 Delaborde
810 3808 912 3863 Parim.
931 3809 987 3863 tab.
1007 3807 1066 3876 XV,
1088 3815 1111 3865 1.

209 3901 235 3964 4)
259 3898 340 3951 Cerh.
362 3899 430 3951 dus.
448 3913 487 3965 gr.
505 3896 539 3952 V.
564 3890 677 3951 CCCXI.
702 3895 844 3958 CCCXIII,
864 3897 887 3946 2.
913 3891 1031 3947 CXCIX.
1068 3894 1142 3950 Mon.
1165 3895 1191 3952 d.
1209 3898 1278 3953 Inst.

128 3981 175 4036 rol.
189 3979 223 4036 X.
242 3981 298 4036 tab.
311 3981 400 4034 IIIIA
418 3982 471 4035 duo
489 3982 560 4045 albi,
586 3980 611 4036 V
628 3985 683 4036 tres
701 3981 765 4046 albi,
783 3995 854 4034 unus
872 3979 972 4032 verius.
1008 3976 1084 4032 Idem
1101 3980 1129 4034 in
1146 3981 1206 4036 eliis
1218 3983 1278 4037 ani·

130 4065 240 4121 nulibus
259 4066 400 4135 pingendis
418 4065 562 4130 iaciebant,
580 4068 653 4121 velut
670 4066 698 4121 In
717 4067 806 4120 bubus
827 4062 908 4120 (icrh.
927 4062 982 4118 CV.
1002 4058 1109 4120 CLXX.

177 4160 303 4203 source,
1056 4152 1072 4202 4
