3096 4766
232 302 273 358 14
509 303 543 356 Δ.
568 301 621 356 DE
638 301 878 356 HIPPODBOMO
895 301 1097 358 Honsmco.

230 468 357 539 Deinde
377 491 435 555 pro
457 473 511 540 via
531 474 661 558 publiea
682 473 778 541 latior
798 473 939 541 debebat
966 493 1054 559 esse,
1075 481 1111 541 ut
1132 473 1271 557 quinque
1291 472 1381 558 bigis

230 574 431 642 commodum
452 577 591 660 spatium
612 578 788 662 praeberet.
830 578 914 644 'lum
935 597 999 643 non
1020 583 1127 662 potest
1146 577 1299 660 intellegi,
1321 596 1381 643 cnr

229 676 314 744 dnae
328 677 402 743 viae
415 685 482 745 tam
496 700 597 765 prope
610 679 692 745 inter
713 699 750 745 se
771 684 859 745 recta
873 679 1003 764 regione
1025 680 1157 746 tulerint
1173 680 1282 765 paullo
1303 686 1381 764 post

230 780 264 846 iu
285 801 383 846 unam
405 781 547 848 coiturae
563 779 608 863 (v.
625 781 710 865 330).
746 783 794 847 Re
812 802 890 849 vera
909 782 969 847 illa
982 782 1038 848 via
1058 782 1186 850 omnino
1202 803 1265 848 non
1280 781 1379 867 signi-

230 883 326 949 ficata
346 883 445 950 fuisse
464 882 606 968 putanda
628 887 685 950 est.
722 885 870 965 Namque
883 882 1024 950 Graecos
1039 884 1170 951 Troiam
1193 882 1378 950 obsidentes

230 985 314 1051 alias
329 986 491 1069 equestria
505 986 680 1052 certamina
701 985 764 1053 hoc
784 987 856 1054 loco
871 985 1086 1053 celebravisse
1106 981 1211 1068 neque
1225 985 1378 1052 traditum

230 1095 359 1154 estnec
380 1087 565 1173 verisimile,
586 1087 664 1170 quia
676 1088 795 1154 Nestor
816 1089 885 1154 sine
906 1087 992 1155 iusta
1006 1108 1104 1154 causa
1126 1087 1168 1154 dc
1189 1096 1293 1155 metae
1315 1088 1378 1155 ori-

228 1191 303 1276 gine
319 1188 481 1257 dubitaret
496 1190 540 1272 (v.
557 1194 614 1254 331
630 1189 725 1274 squ).
757 1191 858 1257 lmmo
873 1184 952 1266 ὁδὸς
967 1196 1017 1256 cst
1032 1209 1071 1255 ea
1084 1190 1148 1273 via,
1170 1212 1235 1276 qua
1250 1191 1379 1258 brevior

229 1293 348 1359 circum
369 1299 488 1358 metam
509 1293 617 1359 animo
638 1292 749 1375 nequit
769 1291 911 1376 cogitari
948 1292 1053 1376 Pr0pe
1073 1300 1193 1359 metam
1207 1293 1322 1360 dextra
1344 1300 1378 1360 et

228 1394 359 1461 sinistra
379 1393 435 1460 ria
455 1399 644 1462 concurrunt
670 1400 707 1461 ut
726 1394 835 1480 capita
856 1394 974 1478 cinguli
1000 1398 1042 1475 (v.
1063 1399 1125 1460 380
1148 1393 1182 1460 ἐν
1205 1395 1376 1482 ξυνοχῇσιν

229 1491 319 1563 ὁδοῦ.
360 1495 423 1562 Gfr.
444 1495 550 1574 Quint.
572 1497 699 1581 Smyrna
720 1501 753 1561 A
767 1501 844 1562 342:
868 1494 902 1561 ἐν
925 1495 1096 1583 ξυνοχῇσιν
1119 1489 1254 1581 ἆχιῦνος.
1287 1499 1324 1564 11.
1343 1503 1376 1563 A

233 1604 306 1664 131:
339 1590 401 1664 ὅθι
434 1597 601 1686 ζωστῆρος
632 1595 728 1683 ὀχῆες
756 1596 906 1682 χρύσειοι
939 1597 1121 1680 σύνεχον)
1134 1602 1165 1678 ¹).
1210 1599 1303 1678 Quod
1334 1600 1377 1666 de

228 1701 397 1768 Antilocho
419 1723 451 1768 v.
467 1706 528 1768 423
540 1721 588 1784 sq.
610 1701 739 1768 dicitnr:

698 1823 937 1906 ’παρατρέψας
958 1818 1010 1902 ἔχε
1031 1819 1183 1904 μώνυχας
1203 1820 1332 1898 ἵππους

403 1921 496 1999 ἐκτὸς
517 1919 606 2009 ὁδοῦ,
633 1916 746 2009 ὀλίγον
768 1922 805 1989 δὲ
827 1923 1035 2010 παρακλίνας
1057 1919 1200 2004 ἐδίωκεν,

230 2043 280 2109 his
302 2042 409 2111 verbis
430 2050 527 2129 poeta
547 2044 628 2111 nihil
649 2045 737 2112 aliud
753 2043 859 2111 dicere
873 2044 943 2109 vult
964 2042 1026 2110 nisi
1045 2044 1136 2110 illum
1150 2043 1292 2130 paullum
1314 2043 1378 2111 hac

227 2146 283 2213 via
303 2146 495 2230 cogitatione
517 2147 708 2216 brevissima
729 2145 907 2213 excessisse
916 2146 951 2222 ²).

316 2369 340 2432 1)
358 2365 457 2420 Mirum
475 2365 504 2418 in
520 2363 630 2419 modum
646 2363 810 2420 scholiastae
827 2369 855 2418 et
866 2363 1036 2429 Eustathius,
1053 2379 1071 2418 a
1088 2379 1141 2432 qno
1154 2365 1330 2422 Delabarrins
1347 2365 1376 2420 in

228 2449 341 2505 eundem
365 2465 483 2505 errorem
507 2449 639 2505 deductus
663 2464 723 2504 essa
745 2447 865 2515 videtur,
889 2447 1009 2521 ξυνοχὰς
1027 2445 1097 2508 ὁδοῦ
1119 2451 1153 2506 de
1169 2451 1300 2520 angustiis
1317 2452 1376 2508 riae

227 2535 432 2601 intellexerunt,
455 2549 524 2604 quae
546 2535 585 2588 illi
607 2535 668 2589 loco
690 2535 873 2603 ineptissimae
894 2535 1027 2605 quomodo
1050 2537 1079 2590 in
1096 2536 1209 2605 planitie
1226 2541 1295 2602 (330.
1314 2542 1375 2603 359)

227 2619 287 2674 lieri
303 2620 442 2690 potuerint
458 2636 514 2675 non
531 2619 675 2689 perspicio.
710 2619 805 2689 Neque
828 2621 899 2676 enim
916 2621 950 2675 de
967 2621 1082 2677 collibus
1104 2621 1169 2676 hnic
1185 2622 1259 2692 parti
1275 2637 1375 2678 menae

227 2704 428 2761 imminentibus
450 2710 533 2776 poeta
553 2705 638 2760 ullum
660 2704 772 2759 verbnm
792 2703 866 2761 tecit.
902 2707 961 2761 Fac
982 2713 1073 2762 autem
1096 2711 1206 2776 praeter
1227 2722 1303 2773 enm,
1326 2707 1376 2762 ubi

227 2790 389 2847 Idomeneus
401 2792 476 2847 sedet
487 2795 522 2857 (r.
535 2794 604 2858 451),
622 2790 689 2845 alios
701 2805 808 2859 quoqne
823 2791 905 2848 colles
923 2792 1017 2858 fuisse,
1035 2796 1066 2848 ut
1077 2792 1107 2846 ln
1117 2792 1259 2862 permultis
1275 2792 1373 2862 hippo·

227 2876 342 2932 dromis:
365 2879 457 2932 tamen
473 2891 644 2946 nequaquam
660 2882 716 2931 tam
732 2891 819 2947 prope
835 2877 870 2932 od
887 2883 986 2933 meum
1004 2878 1152 2934 accessisse
1169 2878 1283 2948 putandi
1300 2881 1374 2944 sunt,

227 2968 258 3019 ut
275 2963 428 3018 anfractum
445 2963 474 3018 in
486 2963 625 3031 angurum
637 2967 777 3032 cogerent:
796 2961 907 3018 flexuris
925 2963 995 3018 anim
1007 2963 1109 3018 circum
1121 2969 1219 3018 metam
1237 2964 1305 3032 bigis
1323 2963 1373 3019 ali·

227 3053 358 3120 qnantum
381 3048 462 3119 spatii
482 3063 552 3119 opus
574 3054 642 3103 erat.
683 3049 712 3104 si
733 3048 877 3118 augustiae
902 3049 1031 3117 tuissent,
1057 3064 1142 3118 quare
1164 3048 1267 3106 Nestor
1288 3049 1374 3105 filium

228 3140 333 3202 monet,
356 3149 391 3190 ne
408 3135 485 3204 equis
504 3148 534 3189 se
550 3133 707 3203 permittens
725 3149 774 3204 per
790 3134 905 3189 multum
922 3135 1039 3204 spatium
1057 3134 1112 3190 buc
1134 3134 1199 3190 illuc
1216 3141 1301 3202 erret,
1325 3135 1374 3191 sed

226 3235 312 3290 prope
333 3225 432 3276 motam
454 3218 548 3275 flectat
569 3224 603 3286 (v.
622 3219 770 3286 3¹9-25t?
804 3219 834 3274 Si
855 3233 940 3290 prope
963 3222 1063 3275 metm
1085 3234 1141 3275 non
1160 3220 1274 3275 multum
1291 3221 1374 3290 spatii

225 3305 335 3372 tumeat,
353 3307 400 3375 qui
415 3304 505 3376 potuit
521 3304 556 3360 ab
574 3319 607 3358 ea
623 3304 703 3371 longe
719 3303 865 3360 aberrare?
900 3303 1012 3360 Rectior
1027 3304 1110 3371 igitur
1126 3305 1192 3360 mihi
1209 3305 1317 3375 quidem
1333 3304 1372 3360 ri-

227 3391 307 3446 detur
328 3396 448 3446 veterum
469 3390 530 3456 illa,
554 3405 634 3459 quam
651 3388 814 3458 Eustathius
837 3387 927 3458 aliem,
949 3388 1146 3458 interpretatio:
1170 3387 1245 3448 κατὰ
1267 3391 1298 3449 δὲ
1320 3410 1373 3448 πα-

226 3473 324 3543 λαιοὺς
346 3476 450 3542 εἰπεῖν,
473 3475 574 3545 inquit,
600 3470 705 3546 συνοχή
731 3468 848 3531 ἔστιτὸ
873 3477 931 3530 τῶν
954 3475 1080 3530 σταδίων
1104 3475 1299 3546 σωματοειδές
1320 3481 1373 3544 (ε),

227 3558 334 3620 ὁποῖον
350 3558 474 3633 μάλιστα
492 3555 527 3618 τὸ
544 3556 619 3619 κατὰ
638 3555 691 3618 τὸν
708 3563 862 3632 καμπτῆρα
880 3555 975 3616 εἴτονν
985 3555 1037 3630 τἠν
1053 3553 1174 3624 νύσσαν,
1196 3575 1251 3628 qua
1273 3561 1306 3616 de
1322 3577 1371 3616 au·

225 3648 321 3717 gnstiis
338 3663 373 3703 ue
389 3648 500 3703 verbum
517 3646 623 3718 quidem
639 3646 680 3703 fit.
714 3647 747 3702 In
764 3645 865 3712 stadim
886 3644 935 3700 nbi
951 3638 1052 3716 ξυνοχὴ
1074 3643 1129 3700 sive
1147 3639 1286 3718 σφενόσνὴ
1304 3650 1372 3714 erat,

186 3727 195 3736 ’
225 3733 263 3788 ibi
281 3734 430 3788 certamina
447 3733 561 3788 statam
576 3733 693 3802 fiebant,
710 3735 742 3787 ut
757 3730 888 3802 pugilatio
906 3729 957 3799 Qu.
976 3729 1080 3800 Smyrn.
1098 3729 1137 3786 IV
1155 3733 1218 3785 342:
1235 3727 1278 3788 ἐν)
1294 3736 1371 3799 ξονο-

224 3822 309 3891 χῇσιν
326 3811 448 3890 ἀγῶνος.

312 3907 337 3972 3)
354 3903 483 3960 Eustath.
502 3897 519 3961 ὃ
537 3896 654 3976 ῥωχμὸς
672 3896 689 3960 d
707 3897 761 3961 τὸν
773 3902 925 3961 Μενέλαον
940 3896 1141 3968 ἀποκωίώσας
1152 3905 1205 3959 τοῦ
1215 3896 1284 3960 κατ’
1302 3896 1371 3960 εὐθὺ

226 3985 344 4064 δρόμον.
378 3989 468 4046 Schol.
479 3990 546 4047 Ven.
559 3989 582 4043 B
593 3993 644 4043 424
656 4004 711 4045 non
722 3996 808 4045 recte:
826 3981 1004 4061 [Ἀντίλοχος]
1017 3984 1050 4045 ἐκ
1062 3991 1111 4059 τῆς
1124 3984 1192 4046 ὁδοῦ
1203 3984 1305 4056 εἰςτὰς
1317 3987 1371 4063 ῥω-

225 4073 313 4149 χοὶίας
331 4069 435 4134 ἑαυτὸν
452 4072 526 4144 δοὺς,
540 4071 589 4134 ἵνα
601 4071 750 4150 capessat
767 4069 821 4133 τὸν
831 4069 915 4141 ἐντὸς
932 4070 1007 4148 ἔχων
1024 4069 1134 4148 δρόμον
1146 4067 1312 4150 ὀρθότερον
1322 4078 1371 4130 καὶ
