3088 4774
277 272 315 331 76
670 273 703 327 Δ.
731 274 782 328 DE
799 273 1035 330 unucumssus

275 443 371 510 modo
399 445 569 512 stationem
591 446 769 529 clauderet,
796 445 975 514 sedetiam
1002 447 1178 514 secundum
1206 448 1365 531 parietem
1390 450 1438 516 ad

275 546 486 630 posteriorem
508 548 654 615 stationis
669 548 790 615 exitum
805 549 986 632 pertineret
1024 549 1073 614 lbi
1088 549 1185 615 finem
1200 550 1270 616 eius
1284 551 1440 618 minister

274 650 307 714 in
328 649 476 714 manibus
492 652 633 733 tenebat,
656 651 712 731 qui
726 669 798 715 eum
813 649 905 730 signo
921 648 998 716 dato
1019 650 1214 730 retrahebat,
1236 659 1274 717 ut
1287 655 1438 720 anterior

273 750 377 816 exitus
393 750 567 834 patefieret.
605 752 675 818 Hoc
689 753 814 835 signum
831 771 894 817 non
910 749 991 818 illud
1007 759 1085 832 erat,
1109 753 1195 836 quod
1210 752 1303 820 initio
1327 762 1435 820 certa·

275 853 367 918 minis
389 855 468 919 tuba
490 853 636 937 dabatur,
658 853 717 920 sed
738 854 838 934 aliud,
861 852 948 935 qnod
964 852 1122 936 deinceps
1145 854 1198 919 vel
1221 855 1355 922 auribus
1378 857 1436 924 vel

274 954 375 1019 oculis
397 955 550 1022 sensibile
572 955 762 1040 computatis
784 955 849 1021 illis
870 955 1049 1022 intervallis
1064 955 1238 1022 vectiarius
1254 950 1435 1042 (Starter',

273 1051 290 1120 ὁ
316 1059 514 1140 τεταγμένος
536 1054 594 1122 ἐπὶ
617 1058 665 1140 τῷ
688 1054 814 1142 δρόμῳ)
836 1057 1015 1141 repetebat.
1052 1055 1193 1122 Huncin
1208 1058 1318 1124 media
1332 1080 1435 1143 prora

272 1164 409 1224 stantem
432 1164 466 1224 et
486 1158 529 1224 ad
551 1157 753 1242 clepsydram
777 1160 830 1224 vel
851 1158 950 1224 aliam
972 1159 1124 1242 temporis
1147 1180 1294 1225 normam
1317 1160 1434 1228 decre-

272 1261 395 1326 scentia
408 1262 467 1325 illa
480 1259 653 1326 intervalla
668 1259 915 1340 distinguentem
931 1279 1041 1326 omnes
1056 1258 1193 1325 ministri
1207 1260 1301 1328 funes
1318 1274 1432 1330 tenen-

271 1368 321 1427 tes
348 1362 477 1428 attentis
506 1361 620 1426 animis
649 1361 867 1428 observabant
895 1368 928 1428 et
955 1363 1050 1446 signa
1077 1361 1304 1446 numerabant,
1337 1367 1432 1432 utin

271 1469 415 1550 tempore
437 1465 544 1530 funem
566 1463 773 1530 retraherent.
810 1465 918 1530 Primo
939 1464 1036 1546 igitur
1057 1463 1150 1546 signo
1174 1462 1250 1532 dato
1271 1469 1431 1550 postremi

271 1563 335 1632 duo
357 1565 494 1631 ministri
516 1565 652 1649 primum
675 1566 819 1632 ordinem
843 1566 1031 1650 mittebant,
1052 1564 1193 1632 secundo
1214 1568 1355 1650 proximi
1376 1589 1428 1636 se-

270 1668 423 1748 cundum,
452 1669 547 1734 tertio
568 1668 707 1752 proximi
727 1669 770 1734 ab
793 1668 843 1734 his
864 1667 992 1734 tertium
1016 1672 1048 1734 et
1068 1667 1114 1732 ita
1144 1668 1295 1752 deinceps
1317 1673 1428 1752 jusque

270 1770 313 1834 ad
328 1779 475 1837 rostrum.
513 1768 619 1848 Quare
632 1772 753 1836 factum
769 1777 827 1852 est,
850 1777 886 1836 ut
902 1771 995 1836 funes
1017 1769 1187 1836 introrsum
1209 1771 1303 1837 tracti
1319 1792 1427 1856 neque

271 1889 422 1952 equorum
444 1871 581 1956 pedibus
603 1891 707 1953 neque
730 1891 839 1938 currus
861 1871 939 1937 rotis
953 1870 1203 1956 implicarentur,
1226 1871 1311 1953 quod
1328 1873 1426 1940 facile

269 1971 338 2038 fieri
364 1980 499 2056 poterat,
527 1974 555 2039 si
583 1973 672 2038 humi
700 1973 899 2040 cecidissent
948 1973 1037 2039 Haec
1065 1973 1148 2038 ratio
1181 1973 1269 2058 apud
1296 1980 1424 2042 veteres

269 2092 472 2158 nequaqnam
500 2074 645 2141 inaudita
674 2082 739 2159 est,
770 2075 830 2141 sed
859 2075 958 2141 habet
986 2073 1111 2156 aliquid
1138 2075 1244 2141 simile
1271 2079 1423 2158 pausatio

269 2177 441 2260 remigibus
463 2178 630 2263 portisculi
651 2178 716 2244 ictu
737 2178 909 2244 intervalla
931 2176 1080 2258 signanti.

264 2361 267 2365 ⁵
330 2297 334 2304 ·
354 2279 465 2345 Habes
493 2300 598 2346 meam
627 2278 668 2345 de
696 2278 905 2364 bippapbesis
933 2285 966 2344 et
989 2277 1189 2344 institutione
1212 2284 1244 2344 et
1265 2278 1329 2345 fine
1351 2300 1421 2346 sen·

268 2381 411 2465 tentiam,
433 2398 529 2461 quam
552 2380 678 2446 duabus
700 2382 902 2463 potissimum
926 2401 968 2446 ex
990 2379 1095 2446 causis
1110 2381 1225 2446 ceteris
1239 2382 1419 2464 praeteren-

267 2483 342 2548 dam
372 2501 503 2549 censeo:
537 2481 623 2563 quod
652 2500 725 2547 eum
753 2483 934 2550 Pausaniae
963 2481 1071 2548 verbis
1100 2482 1245 2564 congruit
1273 2491 1307 2549 ct
1335 2483 1421 2565 quod

266 2584 353 2649 illius
382 2581 627 2667 descriptionem
653 2582 701 2648 ita
728 2582 955 2669 iuterpretatur
983 2589 1015 2648 et
1044 2584 1188 2667 supplet,
1217 2590 1252 2650 ut
1277 2586 1420 2669 perfecta

267 2683 487 2751 condicionum
509 2685 672 2766 aequitate
694 2683 844 2751 Oleoetas
864 2706 941 2753 vere
966 2685 1082 2752 artilex
1104 2685 1266 2770 videatur,
1295 2689 1352 2770 qui
1373 2689 1418 2753 in-

266 2794 363 2854 vento
386 2806 442 2852 suo
465 2787 578 2854 merito
599 2786 755 2868 gloriatus
777 2787 832 2853 sit:
861 2787 1108 2872 diligentissima
1129 2794 1238 2862 autem
1260 2788 1418 2855 condicio-

265 2909 341 2956 num
357 2889 591 2972 exaequatione
606 2908 645 2956 eo
660 2891 763 2972 magis
778 2909 858 2973 opus
874 2896 953 2970 erat,
977 2889 1062 2971 qnod
1077 2888 1267 2974 Olympicus
1282 2909 1418 2958 coronae

265 2992 386 3058 honore
407 2990 510 3057 maior
530 2990 665 3073 eogitari
686 3012 750 3057 non
772 2997 906 3074 poterat.
930 3027 972 3039 -

350 3094 451 3161 Venio
473 3112 572 3176 nunc,
595 3099 629 3158 ut
651 3092 729 3158 mihi
749 3093 947 3177 propositum
971 3102 1037 3178 est,
1064 3094 1107 3160 ad
1128 3093 1416 3160 refutationem

266 3217 390 3277 comm,
419 3196 570 3279 quiante
599 3215 650 3260 me
678 3215 745 3261 rem
768 3194 978 3276 agitaverunt.
1023 3195 1176 3282 Reperies
1198 3214 1254 3261 eos
1276 3217 1297 3260 a
1318 3195 1415 3261 Rath-

263 3301 383 3384 gebero
410 3299 442 3364 in
470 3296 595 3363 Erschii
623 3304 655 3362 et
682 3296 820 3362 Gruberi
847 3298 1020 3365 universali
1050 3300 1211 3365 literarum
1241 3303 1274 3364 et
1301 3297 1413 3362 artium

266 3398 517 3486 encyclopaedia
544 3417 569 3465 s.
593 3419 624 3464 v.
646 3397 799 3483 Olympia
823 3399 913 3481 (sect.
930 3399 985 3464 Ill.
1007 3406 1088 3483 part
1106 3401 1161 3467 111.
1184 3420 1217 3484 p.
1236 3399 1310 3482 124)
1340 3419 1411 3466 enu-

264 3511 419 3584 meratos,
447 3520 543 3582 quam
566 3501 839 3567 enumerationem
861 3501 1010 3584 repetivit
1030 3501 1061 3565 J.
1078 3500 1117 3564 H.
1134 3501 1289 3568 Krausius
1310 3502 1344 3566 in
1366 3519 1412 3583 eo,

265 3625 359 3687 quem
383 3606 424 3671 de
439 3603 634 3670 Graecorum
656 3605 860 3686 gymnastico
881 3607 914 3666 et
935 3600 1113 3682 agonistica
1133 3610 1204 3668 arte
1218 3603 1411 3687 conscripsit,

263 3857 408 3912 dubitaret.
444 3856 525 3911 Dion.
538 3855 599 3911 Hal.
612 3855 647 3910 A.
660 3855 693 3910 R.
707 3855 748 3909 Ill
761 3858 805 3910 68:
820 3847 855 3910 ‘H
869 3853 899 3911 dl
916 3847 1000 3923 λοιπὴ
1024 3856 1083 3908 τῶν
1100 3849 1265 3910 ἐλαττόνων
1282 3857 1411 3927 πλευρῶν

263 3937 378 4044 actitetur
395 3933 528 4044 oranaim
545 3936 709 4014 ψαλιδωτὰς
721 3939 891 4011 ἱππαφέσεις
902 3934 947 3996 διὰ
963 3940 1026 4007 μνᾶ
1031 3957 1045 4004 ς
1056 3925 1200 4009 ὕσπληγος
1217 3927 1277 4007 ἅμα
1296 3933 1412 4005 πάσας

261 4045 462 4099 ανοιγομενας.
