3088 4774
264 319 308 400 bb
657 320 691 374 Δ.
718 319 769 374 DE
787 318 1021 376 OAROERlBUS.

262 495 352 576 talis,
376 493 504 577 qualem
525 512 585 559 nos
607 493 817 576 restituimus,
847 491 959 576 oppidi
982 494 1175 562 constructio
1198 494 1424 562 examinanda

263 603 321 680 est,
343 614 419 661 num
442 595 522 662 illud
544 600 631 662 recte
653 593 780 668 efficiat.

348 696 494 764 Vidimus
521 698 587 762 iam
613 697 647 762 in
675 697 847 763 Homerico
881 695 1093 779 hippodromo
1127 695 1342 764 describendo
1377 700 1422 783 ei,

262 799 373 882 quiin
395 798 509 866 dextro
531 818 629 864 comu
651 799 821 866 stationem
842 797 992 881 baberet,
1024 797 1201 880 longiorem
1222 816 1320 880 qnam
1343 801 1423 868 reli-

262 902 334 985 quis
355 901 443 966 riam
464 899 713 983 percurrendam
734 900 843 967 fuisse.
888 897 978 978 Quae
1007 899 1159 982 iniquitas
1189 898 1423 971 condicionum

261 1023 334 1071 cum
357 1001 417 1084 ibi,
446 1001 501 1068 ubi
522 1001 619 1084 pauci
640 1002 741 1068 semel
762 1008 885 1070 tantum
907 1009 1008 1068 totum
1030 1001 1222 1068 curriculum
1244 1005 1421 1084 permetie-

260 1104 392 1185 bantnr,
420 1102 518 1168 facile
540 1102 758 1186 obliquatione
781 1103 866 1186 eins,
895 1122 936 1170 ex
958 1123 1023 1186 qua
1050 1122 1177 1172 currere
1204 1103 1420 1192 incipiebant,

194 1223 197 1230 ·
259 1207 366 1274 lineae
381 1211 615 1288 exaequaretur
628 1206 672 1288 (p
690 1209 728 1269 15
744 1208 815 1288 sq),
835 1202 1017 1287 Olympiae,
1033 1205 1088 1271 ubi
1103 1203 1275 1272 duodecim
1291 1209 1362 1280 (cfr.
1380 1207 1421 1286 O)

259 1309 447 1390 plerumque
469 1305 620 1372 circuitus
642 1326 779 1390 magnae
801 1307 997 1378 multitudini
1022 1307 1212 1374 certantium
1234 1310 1419 1390 peragendi

260 1415 366 1491 erant,
394 1406 429 1472 id
458 1425 559 1488 genus
587 1409 738 1491 aequatio
765 1407 835 1475 fieri
864 1428 928 1476 non
956 1409 1069 1490 potuit
1120 1409 1269 1492 Namque
1298 1410 1418 1482 dexter

259 1512 416 1594 agonista.
432 1510 522 1576 cuius
536 1510 772 1586 incommodum
786 1509 962 1577 duodecies
977 1509 1256 1592 multiplicandum
1271 1519 1351 1594 erat,
1375 1533 1416 1580 eo

258 1611 435 1695 procedere
450 1608 625 1694 debuisset,
647 1620 682 1677 ut
695 1613 783 1680 linea
803 1613 861 1678 illa
883 1611 978 1680 nimis
1001 1611 1221 1694 obliquaretur
1243 1619 1276 1678 et
1297 1613 1415 1680 disma-

258 1714 396 1780 beretur.
430 1714 500 1780 Neo
514 1720 591 1779 v'ero
607 1714 669 1781 hoc
683 1715 812 1780 omnino
827 1713 977 1780 Oleoetas
992 1712 1167 1797 contendit,
1190 1719 1225 1780 ut
1239 1713 1414 1781 discrimen

258 1817 382 1881 viarum
404 1814 578 1883 duodecies
592 1835 651 1898 per
665 1822 766 1882 totum
781 1816 974 1882 curriculum
988 1816 1244 1897 peragendarum
1261 1835 1412 1900 compen·

258 1922 358 2000 soret,
388 1916 447 1983 sed
467 1918 533 1983 alio
561 1917 658 1987 modo
685 1918 882 1999 aequitatem
911 1917 1134 1985 condicionum
1163 1924 1329 1985 assecutus
1352 1925 1410 1986 est

342 2018 462 2086 Notum
484 2024 542 2102 est,
565 2024 719 2101 quantum
741 2019 930 2087 certantium
953 2019 1143 2102 interfuerit,
1165 2025 1200 2084 ut
1219 2019 1410 2087 brevissimo

257 2121 402 2188 anfractu
424 2123 544 2188 circum
566 2127 669 2188 metas
690 2119 864 2188 flecterent.
902 2119 1109 2202 videmusne,
1131 2128 1167 2186 ut
1187 2120 1276 2204 apud
1290 2121 1409 2190 Home

256 2245 326 2290 rum
348 2224 466 2291 Nestor
494 2225 592 2288 etiam
619 2228 717 2305 atque
746 2225 843 2290 etiam
872 2219 933 2288 hoc
960 2220 1027 2288 filio
1050 2221 1223 2290 Antilocho
1251 2222 1410 2292 suadeat?

256 2345 294 2409 ll.
314 2344 349 2406 Ψ
361 2344 524 2408 322-24:

300 2456 339 2534 ὃς
361 2457 398 2522 δέ
418 2480 455 2522 κε
475 2455 593 2540 κέρδεα
616 2453 688 2540 εἰδῇ
711 2452 856 2519 ἐλαύνων
878 2447 1023 2542 ἥσσονας
1044 2453 1184 2537 ἵππους,

299 2558 384 2624 αἰεὶ
405 2549 518 2642 τέρμ’
545 2550 678 2640 ὁρόων
701 2560 873 2643 στρέφει
895 2555 1117 2642 έγγύθενέ),
1141 2551 1375 2646 adddit-tides,

297 2652 421 2736 ὅππως
442 2655 480 2724 τὸ
505 2660 639 2742 πρῶτον
661 2656 785 2745 τανύσῃ
807 2662 957 2743 βοέοισιν
981 2659 1106 2742 ἱμᾶσιν.

254 2803 307 2848 vv.
331 2783 494 2846 333-34:

296 2899 353 2964 καὶ
374 2899 430 2963 νῦν
452 2888 587 2982 τέρματ’
614 2895 715 2984 ἔθηκε
737 2895 908 2985 ποδάρκης
931 2895 1002 2972 δῖος
1020 2888 1200 2978 Ἀχιλλεύς.

295 3003 350 3088 τῷ
373 2996 418 3065 σὺ
440 2990 532 3082 μάλ’
559 2995 795 3085 ἐγχρίμψας
818 2995 918 3064 ἐλάαν
935 2995 1051 3081 σχεδὸν
1068 2997 1158 3084 ύρμα
1172 2997 1228 3064 καὶ
1243 2997 1382 3077 ἵππους.

254 3143 307 3188 vv.
323 3121 486 3186 338—40:

296 3236 330 3314 ἐν
352 3235 455 3322 νύσσῃ
479 3235 516 3302 δέ
536 3261 591 3302 τοι
612 3235 722 3314 ἵππος
745 3228 920 3324 ἀριστερὸς
943 3234 1262 3322 ἐγχριμφθήτω,

295 3336 340 3419 ὥς
363 3333 404 3406 ύν
425 3363 481 3406 τοι
502 3338 634 3427 πλήμνη
657 3362 694 3424 γε
716 3337 898 3406 δοάσσεται
920 3334 1019 3422 ἄκρον
1042 3335 1179 3406 ἱκέσθαι

293 3440 411 3510 κύκλον
433 3435 610 3528 ποιητοῖο.1

335 3562 429 3628 Hanc
451 3581 518 3628 rem
541 3561 688 3643 quamvis
710 3561 753 3627 sit
765 3566 851 3642 nota,
874 3565 981 3624 tamen
1003 3557 1148 3640 pluribus
1170 3556 1292 3626 idcirco
1314 3559 1401 3624 lubet

250 3665 417 3748 persequi,
447 3663 534 3746 quod
556 3681 629 3728 eam
657 3661 881 3744 gravissimam
908 3658 1106 3725 restitutores
1134 3657 1338 3742 hippodromi
1359 3657 1399 3725 ad

250 3785 343 3832 suum
365 3763 567 3831 commodum
590 3769 776 3831 convertere
795 3761 903 3827 adhuc
916 3760 1128 3843 neglexerunt
1142 3760 1293 3843 qnodque
1308 3762 1399 3844 copia

250 3866 380 3932 demum
401 3867 544 3932 locorum
566 3865 707 3930 nondum
730 3863 936 3930 collectorum
958 3863 1086 3929 evincet
1103 3883 1166 3930 non
1181 3864 1214 3928 in
1230 3863 1397 3930 Homerico

338 4071 361 4133 l)
380 4063 436 4119 etr.
450 4064 535 4120 schol.
548 4063 616 4119 Ven.
628 4063 661 4120 B.
