3096 4766
257 321 297 381 38
643 317 678 371 11.
705 314 756 369 DE
774 312 897 369 anvo
916 311 1025 368 GYRO.

257 492 462 577 gentissimos
475 496 609 557 naturae
625 490 849 557 observatores
865 492 897 553 et
909 487 1052 552 fautores
1067 482 1222 549 invenies.
1256 479 1430 546 Animad-

258 599 421 661 verterant
449 593 534 659 enim
561 612 716 676 equorum
743 597 891 656 naturam
923 587 969 653 ita
1001 591 1220 669 comparatam
1253 603 1345 665 esse,
1385 588 1431 647 ut

258 697 388 765 sinistra
409 693 655 778 quadrupedare
668 697 698 787 ¹).
712 712 808 777 quam
837 690 953 757 dextra
980 689 1102 754 malint.
1146 685 1244 753 (luins
1266 685 1313 750 rei
1338 704 1428 750 ouu-

257 819 328 866 sam
350 817 392 863 ex
412 804 528 863 natura
548 796 683 879 petitam
704 793 908 861 Godofredus
929 792 1132 858 Hermannus
1153 788 1187 853 in
1208 786 1429 853 Commenta·

257 902 345 967 tione
374 899 416 965 de
444 899 571 981 verbis,
605 897 720 981 quibus
749 897 867 964 Graeci
894 895 1054 961 insessum
1083 910 1239 975 equorum
1266 887 1428 954 indicant
1524 927 1525 932 κ

259 1003 519 1088 (op.169sqq.l,
540 1005 627 1065 reete
648 999 784 1082 profert:
804 990 892 1063 ‘Non
914 1002 963 1063 est
977 983 1112 1076 autem',
1134 993 1181 1059 ait
1200 985 1426 1058 ‘consuetudo

257 1106 317 1171 illa
332 1122 432 1186 equos
447 1104 480 1168 in
495 1100 657 1168 eurulibus
672 1098 900 1167 oertaminibus
915 1099 948 1163 in
969 1099 1098 1163 laevam
1116 1092 1268 1160 flectendi
1289 1098 1426 1157 temere

258 1213 338 1274 orta.
381 1205 467 1270 Nam
494 1202 570 1285 equi
598 1203 688 1268 nulla
717 1206 786 1267 arte
815 1206 847 1266 et
868 1200 1042 1283 disoiplina
1067 1195 1185 1263 eruditi
1207 1202 1322 1262 natura
1345 1194 1445 1260 fere.

258 1310 363 1376 solent
390 1305 516 1372 tolutim
544 1303 674 1368 sinistra
700 1303 766 1384 ire,
799 1303 876 1386 quia
905 1302 952 1368 sie
979 1301 1013 1366 in
1046 1306 1135 1366 utero
1165 1302 1348 1381 gestantur,
1380 1301 1425 1359 ut

258 1411 374 1477 dextro
397 1426 486 1472 armo
502 1405 606 1488 magis
621 1409 765 1471 ooartato
779 1404 911 1470 liberior
926 1404 968 1470 sit
982 1392 1137 1470 sinister'.
1170 1400 1270 1465 Porro
1294 1416 1422 1480 equum

259 1507 469 1596 quadrupedo
491 1506 595 1590 gradu
617 1504 819 1573 incedentem
841 1506 911 1572 sive
926 1506 1046 1589 angulo
1068 1505 1138 1571 sive
1159 1522 1240 1587 gyro
1261 1501 1348 1566 laeto
1373 1498 1421 1565 de

258 1617 348 1678 reeta
369 1610 475 1677 subito
497 1606 659 1690 deflentes,
682 1627 723 1673 ea
744 1626 871 1690 semper
893 1605 1163 1692 quadrupedatim
1184 1602 1335 1688 progredi
1359 1621 1419 1668 ne·

260 1733 350 1781 essse
365 1718 423 1796 est,
447 1731 512 1795 qua
526 1729 599 1776 eum
613 1707 747 1776 flexisti:
771 1709 799 1776 si
813 1709 911 1791 igitur
926 1708 968 1774 ad
984 1708 1146 1774 sinistram
1161 1726 1234 1773 eum
1250 1703 1417 1785 deflectas,

259 1817 389 1882 sinistra
411 1811 657 1897 quadrupedare
678 1817 808 1894 perget,
834 1811 885 1876 sin
906 1810 950 1876 ad
972 1807 1137 1891 dextram,
1166 1807 1296 1875 dextra:
1325 1805 1416 1890 quod

260 1922 296 1983 ut
317 1917 431 1997 faeiat,
459 1915 522 1980 nisi
544 1934 566 1979 a
586 1921 709 1981 reotore
738 1914 904 1996 inuitatur,
933 1914 1003 1997 ipse
1026 1932 1085 1979 sua
1113 1917 1227 1995 sponte
1249 1909 1343 1991 feeit,
1371 1927 1414 1973 ne

259 2018 425 2095 labatur.²)
469 2013 576 2094 Quare
604 2013 656 2101 fit,
685 2023 720 2082 ut
747 2035 848 2099 equus
877 2014 1008 2081 sinistra
1035 2014 1177 2097 exempli
1206 2012 1311 2096 gratia
1336 2030 1413 2094 qua-

261 2120 466 2205 drupedatim
493 2125 582 2184 reeta
609 2117 798 2200 deourrens,
827 2118 854 2183 si
883 2121 1015 2200 repente
1044 2114 1088 2181 ad
1115 2115 1264 2181 dextram
1286 2111 1413 2180 deflenti

261 2223 401 2306 oogitur,
430 2220 533 2304 gradu
562 2221 730 2286 immutato
753 2218 868 2285 dextra
896 2217 1142 2302 quadrupedare
1166 2222 1297 2300 pergat,
1327 2213 1413 2298 quod

181 2319 184 2328 '
261 2343 326 2390 non
347 2323 417 2388 sine
439 2322 507 2388 ulla
528 2321 768 2404 perturbatione
790 2319 859 2387 fieri
875 2321 967 2404 solet,
990 2320 1018 2387 si
1036 2320 1226 2403 praesertim
1248 2339 1313 2384 non
1335 2317 1411 2383 satis

261 2424 324 2491 hoo
345 2422 539 2488 exercitatus
561 2423 604 2489 sit
624 2429 721 2505 atque
743 2422 851 2488 animo
873 2424 1044 2490 oonoitato.
1079 2421 1207 2488 Deinde
1228 2422 1264 2487 id
1286 2437 1411 2503 quoque

261 2524 427 2594 solendum
449 2530 499 2591 est
520 2521 589 2589 fieri
611 2543 675 2589 non
696 2542 803 2608 posse,
826 2531 860 2590 ut
882 2526 997 2608 auriga
1018 2525 1087 2591 solo
1106 2525 1241 2591 verbere
1264 2527 1411 2606 quattuor

262 2646 363 2710 equos
390 2646 456 2692 una
482 2631 539 2692 aut
565 2625 682 2692 dextra
704 2631 765 2691 aut
793 2626 923 2692 sinistra
953 2626 1119 2712 admittat,
1153 2628 1230 2709 qnia
1257 2647 1322 2692 non
1349 2644 1410 2691 nno

262 2728 443 2810 eodemque
464 2733 610 2811 ternpore
624 2728 766 2793 omniurn
780 2729 883 2795 latera
897 2736 1004 2812 potest
1022 2731 1203 2797 verberare.
1235 2728 1303 2794 Fae
1317 2727 1411 2811 igitur

262 2831 377 2897 dextm
406 2829 484 2896 orbe
511 2829 658 2912 aurigam
685 2829 818 2896 rudibus
848 2833 940 2915 equis
961 2834 1048 2899 velle
1074 2832 1253 2900 decurrere.
1298 2829 1410 2895 Nonne

261 2933 440 3017 perieulum
468 2937 532 3014 est,
561 2950 602 2997 ne
630 2932 693 2997 nisi
723 2952 848 3016 omnes,
878 2935 1023 3000 nonnulli
1049 2941 1135 3001 oerte
1163 2934 1237 3016 equi
1266 2952 1325 3016 pro
1354 2950 1411 2998 sua

261 3040 377 3101 natura
398 3034 528 3100 sinistra
550 3033 795 3117 quadrupedare
810 3035 990 3120 incipiant?
1022 3035 1061 3101 Id
1080 3036 1157 3103 dum
1172 3042 1261 3102 reeta
1275 3033 1409 3117 vehitur,

262 3135 344 3202 nihil
374 3136 405 3202 ei
433 3134 528 3202 affert
554 3135 752 3219 detrimenti,
781 3139 843 3204 nisi
872 3137 959 3221 quod
987 3157 1112 3208 sursus,
1143 3140 1171 3205 si
1196 3138 1288 3204 vario
1311 3133 1416 3221 gradu

233 3249 238 3266 ·
262 3237 424 3320 incedunt,
448 3238 552 3303 minus
575 3243 624 3305 est
638 3244 788 3305 eonstans
803 3260 843 3306 ae
857 3239 1062 3322 compositus.
1097 3239 1179 3306 (lum
1194 3260 1271 3306 vero
1294 3239 1408 3305 oiroum

262 3348 382 3406 metam
399 3339 559 3404 artissimo
576 3339 694 3406 eiroulo
710 3339 754 3405 ad
769 3340 916 3406 dextram
933 3360 1038 3424 paene
1060 3347 1145 3406 retro
1168 3340 1199 3406 ei
1220 3339 1406 3408 fleetendum

353 3495 376 3554 tt
393 3487 594 3543 Discedendum
610 3489 705 3557 poturi
721 3491 756 3544 ab
774 3505 807 3544 es
819 3505 948 3560 equorum
959 3491 1082 3545 incessus
1093 3490 1193 3544 Latina
1210 3491 1407 3557 significatione,

263 3588 344 3642 quem
364 3571 535 3627 Godotredus
558 3571 730 3629 Hermannus
753 3574 886 3629 adhibuit.
923 3573 1000 3642 Quod
1022 3573 1093 3628 enim
1111 3574 1185 3643 apud
1201 3574 1277 3629 illurn
1295 3571 1407 3631 ‘tolutim

262 3648 324 3723 ire',
347 3657 419 3712 idern
442 3657 515 3726 apud
538 3671 581 3711 me
605 3661 648 3711 est
665 3651 894 3727 ‘quadrupedare
919 3660 1143 3729 quadrupedstim
1160 3660 1213 3726 ire,
1237 3661 1406 3731 quadrupedo

262 3734 401 3796 incedere'
413 3734 641 3811 t‘gsloppieren’)‚
660 3758 721 3796 oum
733 3742 895 3812 scriptorum
906 3744 974 3799 loeis
986 3745 1145 3800 examinaro
1156 3745 1222 3799 mihi
1233 3747 1406 3815 persuaserim

264 3823 372 3880 tolutim
389 3826 481 3894 potius
498 3827 527 3881 id
544 3826 704 3895 significare,
723 3827 795 3896 qood
812 3844 862 3883 nos
876 3822 975 3885 ‘Treb’
993 3830 1049 3885 sive
1061 3823 1167 3885 ‘Trott'
1186 3831 1359 3900 appellamus.

351 3913 376 3975 2)
393 3909 463 3964 Xen.
481 3909 515 3964 de
532 3925 562 3965 re
579 3926 639 3981 equ.
659 3927 682 3968 e.
702 3911 754 3967 v11
771 3915 849 3982 §122
869 3917 925 3972 Καὶ
942 3909 999 3988 γὰρ
1020 3914 1145 3984 πέφυκεν
1164 3909 1179 3972 ὃ
1197 3913 1287 3982 ἵππος
1304 3917 1344 3983 εἰς
1356 3917 1404 3988 ’μὲν

264 4013 300 4050 τα
319 3987 393 4060 δεξιὰ
412 3991 611 4067 στρεφόμενος
628 4007 690 4062 τοῖς
707 4001 808 4064 δεξιοῖς
825 3992 1007 4072 ἀφηγεῖσθαι,
1025 3999 1064 4066 εἰς
1079 3994 1209 4071 εὐώνυμα
1227 4002 1257 4058 δὲ
1274 4011 1335 4068 τοῖς
1352 3999 1404 4078 ripn·

189 4095 192 4100 ’
266 4087 387 4152 στεροῑς.
